,index,Date,Year,Month,Customer Age,Customer Gender,Country,State,Product Category,Sub Category,Quantity,Unit Cost,Unit Price,Cost,Revenue,Margin,Unit_Margin
312,312,01/11/16,2016.0,January,40.0,M,France,Yveline,Bikes,Road Bikes,3.0,567.0,790.0,1701.0,2370.0,669.0,223.0
313,313,01/11/16,2016.0,January,40.0,M,France,Yveline,Accessories,Helmets,2.0,192.5,199.0,385.0,398.0,13.0,6.5
314,314,01/18/16,2016.0,January,40.0,M,France,Yveline,Bikes,Mountain Bikes,2.0,1160.0,1511.5,2320.0,3023.0,703.0,351.5
315,315,01/18/16,2016.0,January,40.0,M,France,Yveline,Accessories,Bottles and Cages,2.0,115.0,147.0,230.0,294.0,64.0,32.0
316,316,01/18/16,2016.0,January,40.0,M,France,Yveline,Accessories,Bottles and Cages,1.0,140.0,167.0,140.0,167.0,27.0,27.0
317,317,01/18/16,2016.0,January,40.0,M,France,Yveline,Accessories,Helmets,2.0,472.5,436.5,945.0,873.0,-72.0,-36.0
318,318,01/21/16,2016.0,January,40.0,M,France,Yveline,Bikes,Mountain Bikes,1.0,2295.0,2741.0,2295.0,2741.0,446.0,446.0
319,319,01/21/16,2016.0,January,40.0,M,France,Yveline,Accessories,Helmets,3.0,291.67,416.333333,875.0,1249.0,374.0,124.66333299999997
320,320,02/23/16,2016.0,February,40.0,M,France,Yveline,Bikes,Touring Bikes,1.0,2384.0,2776.0,2384.0,2776.0,392.0,392.0
321,321,03/30/16,2016.0,March,40.0,M,France,Yveline,Bikes,Road Bikes,2.0,850.5,965.5,1701.0,1931.0,230.0,115.0
322,322,03/30/16,2016.0,March,40.0,M,France,Yveline,Accessories,Helmets,3.0,338.33,483.333333,1015.0,1450.0,435.0,145.003333
323,323,05/21/16,2016.0,May,40.0,M,France,Yveline,Bikes,Touring Bikes,1.0,742.0,668.0,742.0,668.0,-74.0,-74.0
324,324,05/21/16,2016.0,May,40.0,M,France,Yveline,Accessories,Bottles and Cages,2.0,18.0,20.5,36.0,41.0,5.0,2.5
325,325,05/21/16,2016.0,May,40.0,M,France,Yveline,Accessories,Bottles and Cages,1.0,50.0,68.0,50.0,68.0,18.0,18.0
326,326,05/21/16,2016.0,May,40.0,M,France,Yveline,Clothing,Gloves,2.0,330.5,468.0,661.0,936.0,275.0,137.5
327,327,06/06/16,2016.0,June,40.0,M,France,Yveline,Bikes,Touring Bikes,3.0,794.67,983.0,2384.0,2949.0,565.0,188.33000000000004
328,328,06/06/16,2016.0,June,40.0,M,France,Yveline,Accessories,Helmets,2.0,280.0,306.0,560.0,612.0,52.0,26.0
329,329,03/06/15,2015.0,March,40.0,M,France,Yveline,Bikes,Road Bikes,1.0,2443.0,2499.0,2443.0,2499.0,56.0,56.0
330,330,03/23/15,2015.0,March,40.0,M,France,Yveline,Bikes,Mountain Bikes,1.0,2049.0,2271.0,2049.0,2271.0,222.0,222.0
331,331,03/30/15,2015.0,March,40.0,M,France,Yveline,Bikes,Road Bikes,2.0,1091.0,827.5,2182.0,1655.0,-527.0,-263.5
332,332,07/09/15,2015.0,July,40.0,M,France,Yveline,Bikes,Mountain Bikes,2.0,1160.0,799.5,2320.0,1599.0,-721.0,-360.5
333,333,11/27/15,2015.0,November,40.0,M,France,Yveline,Bikes,Mountain Bikes,1.0,565.0,692.0,565.0,692.0,127.0,127.0
334,334,11/27/15,2015.0,November,40.0,M,France,Yveline,Accessories,Bottles and Cages,3.0,26.67,32.333333,80.0,97.0,17.0,5.6633330000000015
335,335,12/08/15,2015.0,December,40.0,M,France,Yveline,Bikes,Road Bikes,2.0,270.0,184.0,540.0,368.0,-172.0,-86.0
336,336,01/20/16,2016.0,January,40.0,F,United Kingdom,England,Bikes,Road Bikes,3.0,180.0,189.0,540.0,567.0,27.0,9.0
337,337,01/20/16,2016.0,January,40.0,F,United Kingdom,England,Accessories,Helmets,3.0,81.67,94.333333,245.0,283.0,38.0,12.663332999999994
338,338,01/24/16,2016.0,January,40.0,F,United Kingdom,England,Bikes,Touring Bikes,1.0,2384.0,2425.0,2384.0,2425.0,41.0,41.0
339,339,02/03/16,2016.0,February,40.0,F,United Kingdom,England,Bikes,Mountain Bikes,1.0,2295.0,2296.0,2295.0,2296.0,1.0,1.0
340,340,02/03/16,2016.0,February,40.0,F,United Kingdom,England,Accessories,Helmets,3.0,256.67,341.0,770.0,1023.0,253.0,84.32999999999998
341,341,04/14/16,2016.0,April,40.0,F,United Kingdom,England,Bikes,Mountain Bikes,1.0,2320.0,2308.0,2320.0,2308.0,-12.0,-12.0
342,342,04/14/16,2016.0,April,40.0,F,United Kingdom,England,Accessories,Helmets,2.0,70.0,90.5,140.0,181.0,41.0,20.5
343,343,04/28/16,2016.0,April,40.0,F,United Kingdom,England,Bikes,Touring Bikes,3.0,794.67,758.333333,2384.0,2275.0,-109.0,-36.33666699999992
344,344,04/28/16,2016.0,April,40.0,F,United Kingdom,England,Accessories,Helmets,2.0,525.0,685.0,1050.0,1370.0,320.0,160.0
345,345,04/29/16,2016.0,April,40.0,F,United Kingdom,England,Bikes,Mountain Bikes,3.0,765.0,834.666667,2295.0,2504.0,209.0,69.66666699999996
346,346,06/05/16,2016.0,June,40.0,F,United Kingdom,England,Bikes,Mountain Bikes,2.0,1160.0,1234.0,2320.0,2468.0,148.0,74.0
347,347,06/13/16,2016.0,June,40.0,F,United Kingdom,England,Bikes,Touring Bikes,2.0,1192.0,1250.5,2384.0,2501.0,117.0,58.5
348,348,06/13/16,2016.0,June,40.0,F,United Kingdom,England,Accessories,Helmets,1.0,945.0,1232.0,945.0,1232.0,287.0,287.0
349,349,06/15/16,2016.0,June,40.0,F,United Kingdom,England,Bikes,Touring Bikes,1.0,2384.0,2446.0,2384.0,2446.0,62.0,62.0
350,350,07/28/16,2016.0,July,40.0,F,United Kingdom,England,Accessories,Helmets,2.0,262.5,327.0,525.0,654.0,129.0,64.5
351,351,06/08/15,2015.0,June,40.0,F,United Kingdom,England,Bikes,Road Bikes,2.0,1091.0,961.0,2182.0,1922.0,-260.0,-130.0
352,352,06/17/15,2015.0,June,40.0,F,United Kingdom,England,Bikes,Mountain Bikes,1.0,2049.0,1892.0,2049.0,1892.0,-157.0,-157.0
353,353,06/21/15,2015.0,June,40.0,F,United Kingdom,England,Bikes,Road Bikes,1.0,2443.0,2314.0,2443.0,2314.0,-129.0,-129.0
354,354,06/30/15,2015.0,June,40.0,F,United Kingdom,England,Bikes,Mountain Bikes,3.0,683.0,628.0,2049.0,1884.0,-165.0,-55.0
355,355,07/16/15,2015.0,July,40.0,F,United Kingdom,England,Bikes,Mountain Bikes,1.0,2295.0,2084.0,2295.0,2084.0,-211.0,-211.0
356,356,07/16/15,2015.0,July,40.0,F,United Kingdom,England,Accessories,Helmets,1.0,315.0,359.0,315.0,359.0,44.0,44.0
357,357,07/24/15,2015.0,July,40.0,F,United Kingdom,England,Bikes,Mountain Bikes,3.0,773.33,740.666667,2320.0,2222.0,-98.0,-32.66333300000008
358,358,07/31/15,2015.0,July,40.0,F,United Kingdom,England,Bikes,Road Bikes,2.0,1221.5,1125.5,2443.0,2251.0,-192.0,-96.0
359,359,08/04/15,2015.0,August,40.0,F,United Kingdom,England,Bikes,Mountain Bikes,1.0,2295.0,2376.0,2295.0,2376.0,81.0,81.0
360,360,08/12/15,2015.0,August,40.0,F,United Kingdom,England,Bikes,Touring Bikes,3.0,247.33,256.666667,742.0,770.0,28.0,9.336667000000006
361,361,09/02/15,2015.0,September,40.0,F,United Kingdom,England,Bikes,Road Bikes,1.0,2443.0,2318.0,2443.0,2318.0,-125.0,-125.0
362,362,09/25/15,2015.0,September,40.0,F,United Kingdom,England,Bikes,Touring Bikes,3.0,247.33,219.666667,742.0,659.0,-83.0,-27.663333000000023
363,363,09/25/15,2015.0,September,40.0,F,United Kingdom,England,Accessories,Helmets,3.0,70.0,77.666667,210.0,233.0,23.0,7.666667000000004
364,364,10/10/15,2015.0,October,40.0,F,United Kingdom,England,Bikes,Road Bikes,1.0,540.0,465.0,540.0,465.0,-75.0,-75.0
365,365,10/10/15,2015.0,October,40.0,F,United Kingdom,England,Accessories,Helmets,1.0,420.0,456.0,420.0,456.0,36.0,36.0
366,366,10/25/15,2015.0,October,40.0,F,United Kingdom,England,Accessories,Helmets,2.0,420.0,462.5,840.0,925.0,85.0,42.5
367,367,10/31/15,2015.0,October,40.0,F,United Kingdom,England,Accessories,Helmets,2.0,437.5,441.5,875.0,883.0,8.0,4.0
368,368,11/19/15,2015.0,November,40.0,F,United Kingdom,England,Bikes,Mountain Bikes,2.0,1147.5,1034.0,2295.0,2068.0,-227.0,-113.5
369,369,11/24/15,2015.0,November,40.0,F,United Kingdom,England,Bikes,Mountain Bikes,1.0,2320.0,2094.0,2320.0,2094.0,-226.0,-226.0
370,370,11/24/15,2015.0,November,40.0,F,United Kingdom,England,Accessories,Helmets,3.0,175.0,201.666667,525.0,605.0,80.0,26.66666699999999
371,371,11/26/15,2015.0,November,40.0,F,United Kingdom,England,Bikes,Touring Bikes,2.0,1192.0,1117.5,2384.0,2235.0,-149.0,-74.5
372,372,11/26/15,2015.0,November,40.0,F,United Kingdom,England,Accessories,Helmets,3.0,186.67,211.0,560.0,633.0,73.0,24.330000000000013
373,373,11/28/15,2015.0,November,40.0,F,United Kingdom,England,Bikes,Touring Bikes,1.0,2384.0,2192.0,2384.0,2192.0,-192.0,-192.0
374,374,12/11/15,2015.0,December,40.0,F,United Kingdom,England,Bikes,Road Bikes,3.0,180.0,167.333333,540.0,502.0,-38.0,-12.66666699999999
375,375,12/11/15,2015.0,December,40.0,F,United Kingdom,England,Accessories,Helmets,1.0,630.0,669.0,630.0,669.0,39.0,39.0
376,376,01/29/16,2016.0,January,41.0,M,Germany,Hessen,Accessories,Tires and Tubes,1.0,660.0,1066.0,660.0,1066.0,406.0,406.0
377,377,01/29/16,2016.0,January,41.0,M,Germany,Hessen,Accessories,Tires and Tubes,1.0,37.0,56.0,37.0,56.0,19.0,19.0
378,378,03/19/16,2016.0,March,41.0,M,Germany,Hessen,Bikes,Touring Bikes,1.0,2384.0,2988.0,2384.0,2988.0,604.0,604.0
379,379,03/19/16,2016.0,March,41.0,M,Germany,Hessen,Accessories,Tires and Tubes,2.0,377.0,589.0,754.0,1178.0,424.0,212.0
380,380,03/19/16,2016.0,March,41.0,M,Germany,Hessen,Accessories,Tires and Tubes,2.0,37.5,56.5,75.0,113.0,38.0,19.0
381,381,06/13/16,2016.0,June,41.0,M,Germany,Hessen,Bikes,Road Bikes,3.0,814.33,1139.666667,2443.0,3419.0,976.0,325.3366669999999
382,382,06/13/16,2016.0,June,41.0,M,Germany,Hessen,Accessories,Bottles and Cages,3.0,18.0,25.333333,54.0,76.0,22.0,7.333333
383,383,07/01/15,2015.0,July,41.0,M,Germany,Hessen,Accessories,Bottles and Cages,2.0,25.0,33.5,50.0,67.0,17.0,8.5
384,384,07/01/15,2015.0,July,41.0,M,Germany,Hessen,Accessories,Bottles and Cages,3.0,46.67,59.0,140.0,177.0,37.0,12.329999999999998
385,385,06/22/16,2016.0,June,41.0,F,Germany,Hamburg,Accessories,Cleaners,1.0,111.0,166.0,111.0,166.0,55.0,55.0
386,386,10/05/15,2015.0,October,41.0,F,Germany,Hamburg,Accessories,Cleaners,3.0,63.67,84.666667,191.0,254.0,63.0,20.996667000000002
387,387,01/15/16,2016.0,January,42.0,M,France,Seine Saint Denis,Accessories,Bottles and Cages,3.0,45.0,67.0,135.0,201.0,66.0,22.0
388,388,01/15/16,2016.0,January,42.0,M,France,Seine Saint Denis,Clothing,Gloves,3.0,228.67,290.0,686.0,870.0,184.0,61.33000000000001
389,389,01/15/16,2016.0,January,42.0,M,France,Seine Saint Denis,Accessories,Bottles and Cages,3.0,23.33,33.0,70.0,99.0,29.0,9.670000000000002
390,390,04/24/16,2016.0,April,42.0,M,France,Seine Saint Denis,Accessories,Bottles and Cages,3.0,30.0,31.333333,90.0,94.0,4.0,1.3333329999999997
391,391,04/24/16,2016.0,April,42.0,M,France,Seine Saint Denis,Accessories,Bottles and Cages,3.0,1.67,2.666667,5.0,8.0,3.0,0.996667
392,392,09/28/15,2015.0,September,42.0,M,France,Seine Saint Denis,Accessories,Bottles and Cages,1.0,80.0,85.0,80.0,85.0,5.0,5.0
393,393,09/28/15,2015.0,September,42.0,M,France,Seine Saint Denis,Accessories,Bottles and Cages,1.0,225.0,212.0,225.0,212.0,-13.0,-13.0
394,394,07/05/15,2015.0,July,42.0,F,Germany,Saarland,Accessories,Bottles and Cages,1.0,105.0,138.0,105.0,138.0,33.0,33.0
395,395,07/05/15,2015.0,July,42.0,F,Germany,Saarland,Accessories,Bottles and Cages,2.0,55.0,80.5,110.0,161.0,51.0,25.5
396,396,01/24/16,2016.0,January,42.0,F,United Kingdom,England,Accessories,Tires and Tubes,1.0,400.0,498.0,400.0,498.0,98.0,98.0
397,397,02/07/16,2016.0,February,42.0,F,United Kingdom,England,Accessories,Tires and Tubes,3.0,28.0,36.0,84.0,108.0,24.0,8.0
398,398,02/07/16,2016.0,February,42.0,F,United Kingdom,England,Accessories,Tires and Tubes,3.0,186.33,216.333333,559.0,649.0,90.0,30.003332999999998
399,399,02/07/16,2016.0,February,42.0,F,United Kingdom,England,Clothing,Gloves,1.0,392.0,483.0,392.0,483.0,91.0,91.0
400,400,02/17/16,2016.0,February,42.0,F,United Kingdom,England,Bikes,Touring Bikes,1.0,2384.0,2415.0,2384.0,2415.0,31.0,31.0
401,401,04/14/16,2016.0,April,42.0,F,United Kingdom,England,Accessories,Tires and Tubes,3.0,241.67,301.0,725.0,903.0,178.0,59.33000000000001
402,402,04/14/16,2016.0,April,42.0,F,United Kingdom,England,Accessories,Tires and Tubes,1.0,40.0,49.0,40.0,49.0,9.0,9.0
403,403,04/28/16,2016.0,April,42.0,F,United Kingdom,England,Accessories,Tires and Tubes,2.0,48.0,60.5,96.0,121.0,25.0,12.5
404,404,04/28/16,2016.0,April,42.0,F,United Kingdom,England,Accessories,Tires and Tubes,2.0,204.0,240.5,408.0,481.0,73.0,36.5
405,405,06/03/16,2016.0,June,42.0,F,United Kingdom,England,Bikes,Touring Bikes,3.0,247.33,238.666667,742.0,716.0,-26.0,-8.663333000000023
406,406,06/18/16,2016.0,June,42.0,F,United Kingdom,England,Bikes,Touring Bikes,1.0,2384.0,2432.0,2384.0,2432.0,48.0,48.0
407,407,06/18/16,2016.0,June,42.0,F,United Kingdom,England,Accessories,Tires and Tubes,3.0,8.33,10.666667,25.0,32.0,7.0,2.3366670000000003
408,408,06/18/16,2016.0,June,42.0,F,United Kingdom,England,Accessories,Tires and Tubes,1.0,406.0,460.0,406.0,460.0,54.0,54.0
409,409,06/18/16,2016.0,June,42.0,F,United Kingdom,England,Accessories,Tires and Tubes,2.0,31.0,38.0,62.0,76.0,14.0,7.0
410,410,06/28/16,2016.0,June,42.0,F,United Kingdom,England,Accessories,Tires and Tubes,1.0,36.0,43.0,36.0,43.0,7.0,7.0
411,411,08/27/15,2015.0,August,42.0,F,United Kingdom,England,Accessories,Tires and Tubes,2.0,179.5,182.5,359.0,365.0,6.0,3.0
412,412,10/21/15,2015.0,October,42.0,F,United Kingdom,England,Accessories,Tires and Tubes,1.0,522.0,558.0,522.0,558.0,36.0,36.0
413,413,11/13/15,2015.0,November,42.0,F,United Kingdom,England,Accessories,Tires and Tubes,2.0,182.5,188.5,365.0,377.0,12.0,6.0
414,414,11/13/15,2015.0,November,42.0,F,United Kingdom,England,Accessories,Tires and Tubes,2.0,46.0,48.0,92.0,96.0,4.0,2.0
415,415,12/01/15,2015.0,December,42.0,F,United Kingdom,England,Bikes,Touring Bikes,2.0,1192.0,1133.5,2384.0,2267.0,-117.0,-58.5
416,416,12/30/15,2015.0,December,42.0,F,United Kingdom,England,Bikes,Touring Bikes,1.0,742.0,676.0,742.0,676.0,-66.0,-66.0
417,417,12/30/15,2015.0,December,42.0,F,United Kingdom,England,Clothing,Caps,3.0,75.0,90.666667,225.0,272.0,47.0,15.666667000000004
418,418,06/20/16,2016.0,June,65.0,M,United States,California,Bikes,Touring Bikes,1.0,742.0,757.0,742.0,757.0,15.0,15.0
419,419,05/26/16,2016.0,May,64.0,M,United States,Washington,Accessories,Bottles and Cages,1.0,210.0,249.0,210.0,249.0,39.0,39.0
420,420,05/26/16,2016.0,May,64.0,M,United States,Washington,Accessories,Bottles and Cages,3.0,25.0,32.0,75.0,96.0,21.0,7.0
421,421,05/26/16,2016.0,May,64.0,M,United States,Washington,Clothing,Vests,1.0,127.0,140.0,127.0,140.0,13.0,13.0
422,422,06/16/16,2016.0,June,64.0,M,United States,Washington,Accessories,Helmets,1.0,315.0,382.0,315.0,382.0,67.0,67.0
423,423,08/27/15,2015.0,August,64.0,M,United States,Washington,Accessories,Helmets,3.0,58.33,65.666667,175.0,197.0,22.0,7.336667000000006
424,424,10/02/15,2015.0,October,64.0,M,United States,Washington,Accessories,Helmets,1.0,630.0,704.0,630.0,704.0,74.0,74.0
425,425,04/18/16,2016.0,April,64.0,F,United States,Washington,Accessories,Tires and Tubes,3.0,326.67,398.666667,980.0,1196.0,216.0,71.996667
426,426,04/18/16,2016.0,April,64.0,F,United States,Washington,Accessories,Tires and Tubes,3.0,26.67,35.333333,80.0,106.0,26.0,8.663333000000002
427,427,04/18/16,2016.0,April,64.0,F,United States,Washington,Accessories,Tires and Tubes,1.0,23.0,25.0,23.0,25.0,2.0,2.0
428,428,10/17/15,2015.0,October,64.0,F,United States,Washington,Accessories,Tires and Tubes,1.0,92.0,106.0,92.0,106.0,14.0,14.0
429,429,10/17/15,2015.0,October,64.0,F,United States,Washington,Accessories,Helmets,3.0,186.67,207.0,560.0,621.0,61.0,20.330000000000013
430,430,06/16/16,2016.0,June,64.0,F,United States,California,Bikes,Touring Bikes,1.0,742.0,737.0,742.0,737.0,-5.0,-5.0
431,431,06/16/16,2016.0,June,64.0,F,United States,California,Accessories,Helmets,3.0,70.0,89.666667,210.0,269.0,59.0,19.666667000000004
432,432,06/16/16,2016.0,June,64.0,F,United States,California,Clothing,Gloves,1.0,686.0,734.0,686.0,734.0,48.0,48.0
433,433,07/04/15,2015.0,July,64.0,F,United States,California,Accessories,Tires and Tubes,1.0,37.0,41.0,37.0,41.0,4.0,4.0
434,434,01/16/16,2016.0,January,64.0,M,United States,California,Accessories,Tires and Tubes,3.0,105.0,134.0,315.0,402.0,87.0,29.0
435,435,06/12/16,2016.0,June,64.0,M,United States,California,Accessories,Tires and Tubes,1.0,100.0,136.0,100.0,136.0,36.0,36.0
436,436,07/27/16,2016.0,July,64.0,M,United States,California,Accessories,Tires and Tubes,3.0,25.0,29.0,75.0,87.0,12.0,4.0
437,437,11/03/15,2015.0,November,64.0,M,United States,California,Accessories,Tires and Tubes,1.0,15.0,16.0,15.0,16.0,1.0,1.0
438,438,11/03/15,2015.0,November,64.0,M,United States,California,Accessories,Tires and Tubes,2.0,157.5,178.0,315.0,356.0,41.0,20.5
439,439,11/22/15,2015.0,November,64.0,M,United States,California,Accessories,Tires and Tubes,1.0,24.0,24.0,24.0,24.0,0.0,0.0
440,440,11/22/15,2015.0,November,64.0,M,United States,California,Accessories,Tires and Tubes,3.0,21.33,21.333333,64.0,64.0,0.0,0.0033330000000013627
441,441,11/22/15,2015.0,November,64.0,M,United States,California,Accessories,Cleaners,2.0,103.5,107.5,207.0,215.0,8.0,4.0
442,442,01/26/16,2016.0,January,32.0,F,United States,Oregon,Accessories,Helmets,1.0,560.0,738.0,560.0,738.0,178.0,178.0
443,443,04/01/16,2016.0,April,32.0,F,United States,Oregon,Bikes,Mountain Bikes,3.0,765.0,802.333333,2295.0,2407.0,112.0,37.33333300000004
444,444,04/01/16,2016.0,April,32.0,F,United States,Oregon,Accessories,Helmets,1.0,980.0,1387.0,980.0,1387.0,407.0,407.0
445,445,06/01/16,2016.0,June,32.0,F,United States,Oregon,Bikes,Mountain Bikes,3.0,765.0,826.333333,2295.0,2479.0,184.0,61.33333300000004
446,446,06/09/16,2016.0,June,32.0,F,United States,Oregon,Bikes,Road Bikes,2.0,270.0,282.0,540.0,564.0,24.0,12.0
447,447,06/22/16,2016.0,June,32.0,F,United States,Oregon,Bikes,Touring Bikes,1.0,742.0,675.0,742.0,675.0,-67.0,-67.0
448,448,06/22/16,2016.0,June,32.0,F,United States,Oregon,Accessories,Helmets,3.0,291.67,352.666667,875.0,1058.0,183.0,60.996667
449,449,02/02/15,2015.0,February,32.0,F,United States,Oregon,Bikes,Mountain Bikes,1.0,2049.0,1719.0,2049.0,1719.0,-330.0,-330.0
450,450,07/19/15,2015.0,July,32.0,F,United States,Oregon,Bikes,Mountain Bikes,3.0,765.0,783.0,2295.0,2349.0,54.0,18.0
451,451,09/03/15,2015.0,September,32.0,F,United States,Oregon,Bikes,Mountain Bikes,1.0,2295.0,2133.0,2295.0,2133.0,-162.0,-162.0
452,452,09/03/15,2015.0,September,32.0,F,United States,Oregon,Accessories,Helmets,2.0,52.5,56.5,105.0,113.0,8.0,4.0
453,453,09/11/15,2015.0,September,32.0,F,United States,Oregon,Bikes,Mountain Bikes,3.0,773.33,695.666667,2320.0,2087.0,-233.0,-77.66333300000008
454,454,01/28/16,2016.0,January,33.0,F,United States,Washington,Bikes,Road Bikes,1.0,540.0,506.0,540.0,506.0,-34.0,-34.0
455,455,02/01/16,2016.0,February,33.0,F,United States,Washington,Accessories,Tires and Tubes,2.0,67.5,88.0,135.0,176.0,41.0,20.5
456,456,02/01/16,2016.0,February,33.0,F,United States,Washington,Accessories,Tires and Tubes,2.0,26.5,34.0,53.0,68.0,15.0,7.5
457,457,02/04/16,2016.0,February,33.0,F,United States,Washington,Accessories,Tires and Tubes,1.0,50.0,64.0,50.0,64.0,14.0,14.0
458,458,02/04/16,2016.0,February,33.0,F,United States,Washington,Accessories,Tires and Tubes,1.0,29.0,37.0,29.0,37.0,8.0,8.0
459,459,02/07/16,2016.0,February,33.0,F,United States,Washington,Bikes,Road Bikes,3.0,567.0,559.666667,1701.0,1679.0,-22.0,-7.333333000000039
460,460,03/07/16,2016.0,March,33.0,F,United States,Washington,Accessories,Tires and Tubes,1.0,65.0,86.0,65.0,86.0,21.0,21.0
461,461,03/07/16,2016.0,March,33.0,F,United States,Washington,Accessories,Tires and Tubes,2.0,44.0,57.5,88.0,115.0,27.0,13.5
462,462,03/27/16,2016.0,March,33.0,F,United States,Washington,Accessories,Tires and Tubes,2.0,48.0,54.5,96.0,109.0,13.0,6.5
463,463,03/27/16,2016.0,March,33.0,F,United States,Washington,Accessories,Tires and Tubes,3.0,119.67,157.333333,359.0,472.0,113.0,37.66333300000001
464,464,04/26/16,2016.0,April,33.0,F,United States,Washington,Bikes,Touring Bikes,2.0,607.5,615.0,1215.0,1230.0,15.0,7.5
465,465,05/08/16,2016.0,May,33.0,F,United States,Washington,Accessories,Tires and Tubes,1.0,60.0,86.0,60.0,86.0,26.0,26.0
466,466,05/08/16,2016.0,May,33.0,F,United States,Washington,Accessories,Tires and Tubes,1.0,350.0,415.0,350.0,415.0,65.0,65.0
467,467,05/30/16,2016.0,May,33.0,F,United States,Washington,Bikes,Touring Bikes,3.0,794.67,939.333333,2384.0,2818.0,434.0,144.66333300000008
468,468,06/12/16,2016.0,June,33.0,F,United States,Washington,Bikes,Touring Bikes,1.0,742.0,758.0,742.0,758.0,16.0,16.0
469,469,06/17/16,2016.0,June,33.0,F,United States,Washington,Bikes,Road Bikes,2.0,270.0,248.0,540.0,496.0,-44.0,-22.0
470,470,06/17/16,2016.0,June,33.0,F,United States,Washington,Bikes,Road Bikes,2.0,270.0,289.5,540.0,579.0,39.0,19.5
471,471,06/25/16,2016.0,June,33.0,F,United States,Washington,Accessories,Tires and Tubes,3.0,32.67,43.0,98.0,129.0,31.0,10.329999999999998
472,472,06/25/16,2016.0,June,33.0,F,United States,Washington,Accessories,Tires and Tubes,2.0,46.0,59.5,92.0,119.0,27.0,13.5
473,473,07/01/16,2016.0,July,33.0,F,United States,Washington,Accessories,Tires and Tubes,1.0,430.0,514.0,430.0,514.0,84.0,84.0
474,474,07/01/16,2016.0,July,33.0,F,United States,Washington,Accessories,Tires and Tubes,2.0,27.5,37.0,55.0,74.0,19.0,9.5
475,475,07/12/16,2016.0,July,33.0,F,United States,Washington,Accessories,Tires and Tubes,3.0,135.33,171.666667,406.0,515.0,109.0,36.33666699999998
476,476,07/12/16,2016.0,July,33.0,F,United States,Washington,Accessories,Tires and Tubes,3.0,13.33,17.333333,40.0,52.0,12.0,4.003333
477,477,07/21/16,2016.0,July,33.0,F,United States,Washington,Accessories,Tires and Tubes,1.0,330.0,394.0,330.0,394.0,64.0,64.0
478,478,05/20/15,2015.0,May,33.0,F,United States,Washington,Bikes,Road Bikes,2.0,500.0,449.5,1000.0,899.0,-101.0,-50.5
479,479,07/01/15,2015.0,July,33.0,F,United States,Washington,Accessories,Tires and Tubes,3.0,280.0,310.333333,840.0,931.0,91.0,30.333332999999982
480,480,07/01/15,2015.0,July,33.0,F,United States,Washington,Accessories,Tires and Tubes,1.0,150.0,153.0,150.0,153.0,3.0,3.0
481,481,08/04/15,2015.0,August,33.0,F,United States,Washington,Accessories,Tires and Tubes,3.0,50.0,56.0,150.0,168.0,18.0,6.0
482,482,10/01/15,2015.0,October,33.0,F,United States,Washington,Accessories,Tires and Tubes,2.0,337.5,362.5,675.0,725.0,50.0,25.0
483,483,10/01/15,2015.0,October,33.0,F,United States,Washington,Accessories,Tires and Tubes,1.0,25.0,24.0,25.0,24.0,-1.0,-1.0
484,484,10/22/15,2015.0,October,33.0,F,United States,Washington,Accessories,Tires and Tubes,3.0,141.67,150.666667,425.0,452.0,27.0,8.996667000000002
485,485,10/22/15,2015.0,October,33.0,F,United States,Washington,Accessories,Tires and Tubes,3.0,21.33,23.333333,64.0,70.0,6.0,2.0033330000000014
486,486,11/15/15,2015.0,November,33.0,F,United States,Washington,Accessories,Tires and Tubes,1.0,140.0,150.0,140.0,150.0,10.0,10.0
487,487,11/19/15,2015.0,November,33.0,F,United States,Washington,Bikes,Road Bikes,1.0,1701.0,1711.0,1701.0,1711.0,10.0,10.0
488,488,11/21/15,2015.0,November,33.0,F,United States,Washington,Bikes,Road Bikes,2.0,560.0,488.0,1120.0,976.0,-144.0,-72.0
489,489,11/21/15,2015.0,November,33.0,F,United States,Washington,Accessories,Tires and Tubes,3.0,8.0,9.666667,24.0,29.0,5.0,1.6666670000000003
490,490,11/21/15,2015.0,November,33.0,F,United States,Washington,Accessories,Tires and Tubes,1.0,200.0,206.0,200.0,206.0,6.0,6.0
491,491,12/17/15,2015.0,December,33.0,F,United States,Washington,Accessories,Tires and Tubes,3.0,1.33,1.333333,4.0,4.0,0.0,0.0033330000000000304
492,492,12/17/15,2015.0,December,33.0,F,United States,Washington,Accessories,Tires and Tubes,1.0,652.0,717.0,652.0,717.0,65.0,65.0
493,493,12/17/15,2015.0,December,33.0,F,United States,Washington,Accessories,Tires and Tubes,3.0,20.0,22.333333,60.0,67.0,7.0,2.3333329999999997
494,494,12/18/15,2015.0,December,33.0,F,United States,Washington,Accessories,Tires and Tubes,2.0,180.0,208.0,360.0,416.0,56.0,28.0
495,495,12/18/15,2015.0,December,33.0,F,United States,Washington,Accessories,Tires and Tubes,3.0,41.67,45.666667,125.0,137.0,12.0,3.996666999999995
496,496,12/26/15,2015.0,December,33.0,F,United States,Washington,Accessories,Tires and Tubes,2.0,52.0,55.5,104.0,111.0,7.0,3.5
497,497,12/26/15,2015.0,December,33.0,F,United States,Washington,Accessories,Tires and Tubes,1.0,913.0,948.0,913.0,948.0,35.0,35.0
498,498,06/02/16,2016.0,June,33.0,M,United States,Washington,Bikes,Touring Bikes,3.0,247.33,251.333333,742.0,754.0,12.0,4.003332999999998
499,499,06/24/16,2016.0,June,33.0,M,United States,Washington,Bikes,Touring Bikes,2.0,1192.0,1205.5,2384.0,2411.0,27.0,13.5
500,500,01/28/16,2016.0,January,33.0,F,United States,Washington,Clothing,Caps,2.0,112.5,151.0,225.0,302.0,77.0,38.5
501,501,02/07/16,2016.0,February,33.0,F,United States,Washington,Clothing,Caps,3.0,6.0,7.0,18.0,21.0,3.0,1.0
502,502,06/17/16,2016.0,June,33.0,F,United States,Washington,Clothing,Caps,2.0,58.5,62.0,117.0,124.0,7.0,3.5
503,503,07/24/15,2015.0,July,33.0,F,United States,Washington,Clothing,Caps,1.0,180.0,231.0,180.0,231.0,51.0,51.0
504,504,09/24/15,2015.0,September,33.0,F,United States,Washington,Clothing,Caps,1.0,216.0,196.0,216.0,196.0,-20.0,-20.0
505,505,11/24/15,2015.0,November,41.0,M,United States,California,Accessories,Bike Stands,2.0,795.0,886.0,1590.0,1772.0,182.0,91.0
506,506,08/28/15,2015.0,August,63.0,M,United States,Washington,Bikes,Mountain Bikes,2.0,1147.5,1074.5,2295.0,2149.0,-146.0,-73.0
507,507,01/02/16,2016.0,January,34.0,M,United States,Washington,Accessories,Tires and Tubes,1.0,630.0,717.0,630.0,717.0,87.0,87.0
508,508,01/02/16,2016.0,January,34.0,M,United States,Washington,Accessories,Tires and Tubes,1.0,95.0,112.0,95.0,112.0,17.0,17.0
509,509,01/14/16,2016.0,January,34.0,M,United States,Washington,Accessories,Tires and Tubes,1.0,300.0,353.0,300.0,353.0,53.0,53.0
510,510,01/14/16,2016.0,January,34.0,M,United States,Washington,Accessories,Tires and Tubes,2.0,65.0,89.5,130.0,179.0,49.0,24.5
511,511,02/09/16,2016.0,February,34.0,M,United States,Washington,Accessories,Tires and Tubes,3.0,8.33,11.0,25.0,33.0,8.0,2.67
512,512,02/10/16,2016.0,February,34.0,M,United States,Washington,Accessories,Tires and Tubes,2.0,280.0,329.5,560.0,659.0,99.0,49.5
513,513,02/10/16,2016.0,February,34.0,M,United States,Washington,Accessories,Tires and Tubes,2.0,4.5,6.5,9.0,13.0,4.0,2.0
514,514,04/20/16,2016.0,April,34.0,M,United States,Washington,Accessories,Tires and Tubes,3.0,326.0,417.333333,978.0,1252.0,274.0,91.33333299999998
515,515,04/24/16,2016.0,April,34.0,M,United States,Washington,Accessories,Tires and Tubes,2.0,60.0,70.5,120.0,141.0,21.0,10.5
516,516,06/01/16,2016.0,June,34.0,M,United States,Washington,Accessories,Tires and Tubes,2.0,195.0,252.0,390.0,504.0,114.0,57.0
517,517,06/01/16,2016.0,June,34.0,M,United States,Washington,Accessories,Tires and Tubes,1.0,50.0,60.0,50.0,60.0,10.0,10.0
518,518,07/02/16,2016.0,July,34.0,M,United States,Washington,Accessories,Tires and Tubes,1.0,203.0,239.0,203.0,239.0,36.0,36.0
519,519,07/02/16,2016.0,July,34.0,M,United States,Washington,Accessories,Tires and Tubes,2.0,37.5,46.0,75.0,92.0,17.0,8.5
520,520,07/02/16,2016.0,July,34.0,M,United States,Washington,Accessories,Tires and Tubes,2.0,28.5,37.5,57.0,75.0,18.0,9.0
521,521,07/20/15,2015.0,July,34.0,M,United States,Washington,Accessories,Tires and Tubes,2.0,175.0,205.5,350.0,411.0,61.0,30.5
522,522,07/20/15,2015.0,July,34.0,M,United States,Washington,Accessories,Tires and Tubes,2.0,38.0,43.5,76.0,87.0,11.0,5.5
523,523,07/20/15,2015.0,July,34.0,M,United States,Washington,Accessories,Tires and Tubes,3.0,6.0,7.0,18.0,21.0,3.0,1.0
524,524,01/30/16,2016.0,January,34.0,F,United States,California,Accessories,Cleaners,1.0,191.0,253.0,191.0,253.0,62.0,62.0
525,525,07/15/15,2015.0,July,34.0,F,United States,California,Accessories,Cleaners,2.0,12.0,12.0,24.0,24.0,0.0,0.0
526,526,11/29/15,2015.0,November,34.0,F,United States,California,Accessories,Cleaners,3.0,39.67,42.333333,119.0,127.0,8.0,2.6633330000000015
527,527,07/05/15,2015.0,July,35.0,F,United States,California,Accessories,Cleaners,1.0,231.0,273.0,231.0,273.0,42.0,42.0
528,528,07/09/15,2015.0,July,35.0,F,United States,California,Accessories,Cleaners,2.0,28.0,31.5,56.0,63.0,7.0,3.5
529,529,08/10/15,2015.0,August,35.0,F,United States,California,Accessories,Cleaners,2.0,95.5,114.5,191.0,229.0,38.0,19.0
530,530,09/09/15,2015.0,September,35.0,F,United States,California,Accessories,Cleaners,1.0,111.0,115.0,111.0,115.0,4.0,4.0
531,531,11/03/15,2015.0,November,35.0,F,United States,California,Accessories,Cleaners,1.0,183.0,181.0,183.0,181.0,-2.0,-2.0
532,532,01/28/16,2016.0,January,35.0,M,United States,California,Clothing,Vests,2.0,63.5,77.0,127.0,154.0,27.0,13.5
533,533,05/09/16,2016.0,May,42.0,M,United States,Washington,Accessories,Cleaners,2.0,28.0,38.5,56.0,77.0,21.0,10.5
534,534,09/16/15,2015.0,September,42.0,M,United States,Washington,Accessories,Cleaners,1.0,40.0,44.0,40.0,44.0,4.0,4.0
535,535,02/01/16,2016.0,February,43.0,F,United States,California,Accessories,Tires and Tubes,2.0,333.5,431.0,667.0,862.0,195.0,97.5
536,536,02/01/16,2016.0,February,43.0,F,United States,California,Accessories,Tires and Tubes,2.0,35.0,47.0,70.0,94.0,24.0,12.0
537,537,02/07/16,2016.0,February,43.0,F,United States,California,Bikes,Road Bikes,3.0,567.0,553.333333,1701.0,1660.0,-41.0,-13.666666999999961
538,538,02/13/16,2016.0,February,43.0,F,United States,California,Accessories,Tires and Tubes,1.0,84.0,100.0,84.0,100.0,16.0,16.0
539,539,02/13/16,2016.0,February,43.0,F,United States,California,Accessories,Tires and Tubes,3.0,184.67,215.0,554.0,645.0,91.0,30.330000000000013
540,540,02/18/16,2016.0,February,43.0,F,United States,California,Bikes,Road Bikes,1.0,540.0,622.0,540.0,622.0,82.0,82.0
541,541,02/24/16,2016.0,February,43.0,F,United States,California,Accessories,Tires and Tubes,1.0,69.0,83.0,69.0,83.0,14.0,14.0
542,542,02/24/16,2016.0,February,43.0,F,United States,California,Bikes,Road Bikes,3.0,373.33,375.333333,1120.0,1126.0,6.0,2.003332999999998
543,543,02/24/16,2016.0,February,43.0,F,United States,California,Accessories,Tires and Tubes,1.0,56.0,74.0,56.0,74.0,18.0,18.0
544,544,02/24/16,2016.0,February,43.0,F,United States,California,Accessories,Tires and Tubes,1.0,450.0,546.0,450.0,546.0,96.0,96.0
545,545,02/27/16,2016.0,February,43.0,F,United States,California,Accessories,Tires and Tubes,1.0,945.0,1091.0,945.0,1091.0,146.0,146.0
546,546,02/27/16,2016.0,February,43.0,F,United States,California,Accessories,Tires and Tubes,3.0,18.33,23.0,55.0,69.0,14.0,4.670000000000002
547,547,03/31/16,2016.0,March,43.0,F,United States,California,Accessories,Bike Racks,2.0,660.0,867.0,1320.0,1734.0,414.0,207.0
548,548,04/11/16,2016.0,April,43.0,F,United States,California,Accessories,Tires and Tubes,1.0,870.0,1221.0,870.0,1221.0,351.0,351.0
549,549,04/11/16,2016.0,April,43.0,F,United States,California,Accessories,Tires and Tubes,1.0,80.0,97.0,80.0,97.0,17.0,17.0
550,550,04/19/16,2016.0,April,43.0,F,United States,California,Bikes,Road Bikes,1.0,1120.0,1218.0,1120.0,1218.0,98.0,98.0
551,551,04/21/16,2016.0,April,43.0,F,United States,California,Accessories,Tires and Tubes,2.0,30.0,35.5,60.0,71.0,11.0,5.5
552,552,05/03/16,2016.0,May,43.0,F,United States,California,Bikes,Road Bikes,3.0,180.0,173.666667,540.0,521.0,-19.0,-6.33333300000001
553,553,05/23/16,2016.0,May,43.0,F,United States,California,Accessories,Tires and Tubes,3.0,222.33,312.0,667.0,936.0,269.0,89.66999999999999
554,554,05/23/16,2016.0,May,43.0,F,United States,California,Accessories,Tires and Tubes,2.0,57.5,69.5,115.0,139.0,24.0,12.0
555,555,05/23/16,2016.0,May,43.0,F,United States,California,Accessories,Tires and Tubes,2.0,7.0,8.5,14.0,17.0,3.0,1.5
556,556,05/24/16,2016.0,May,43.0,F,United States,California,Bikes,Road Bikes,1.0,540.0,549.0,540.0,549.0,9.0,9.0
557,557,06/03/16,2016.0,June,43.0,F,United States,California,Bikes,Road Bikes,2.0,560.0,537.0,1120.0,1074.0,-46.0,-23.0
558,558,06/04/15,2015.0,June,43.0,F,United States,California,Bikes,Road Bikes,3.0,261.0,246.333333,783.0,739.0,-44.0,-14.66666699999999
559,559,07/13/15,2015.0,July,43.0,F,United States,California,Accessories,Tires and Tubes,1.0,115.0,135.0,115.0,135.0,20.0,20.0
560,560,07/13/15,2015.0,July,43.0,F,United States,California,Accessories,Tires and Tubes,1.0,140.0,160.0,140.0,160.0,20.0,20.0
561,561,07/28/15,2015.0,July,43.0,F,United States,California,Bikes,Road Bikes,1.0,1120.0,997.0,1120.0,997.0,-123.0,-123.0
562,562,08/12/15,2015.0,August,43.0,F,United States,California,Bikes,Road Bikes,1.0,1701.0,1629.0,1701.0,1629.0,-72.0,-72.0
563,563,10/18/15,2015.0,October,43.0,F,United States,California,Accessories,Tires and Tubes,2.0,367.5,409.5,735.0,819.0,84.0,42.0
564,564,10/18/15,2015.0,October,43.0,F,United States,California,Accessories,Tires and Tubes,3.0,46.67,54.666667,140.0,164.0,24.0,7.996666999999995
565,565,11/05/15,2015.0,November,43.0,F,United States,California,Bikes,Road Bikes,1.0,1120.0,1062.0,1120.0,1062.0,-58.0,-58.0
566,566,12/06/15,2015.0,December,43.0,F,United States,California,Accessories,Tires and Tubes,2.0,75.0,76.5,150.0,153.0,3.0,1.5
567,567,12/06/15,2015.0,December,43.0,F,United States,California,Accessories,Tires and Tubes,3.0,23.33,23.666667,70.0,71.0,1.0,0.33666700000000205
568,568,12/07/15,2015.0,December,43.0,F,United States,California,Accessories,Tires and Tubes,2.0,261.0,269.5,522.0,539.0,17.0,8.5
569,569,12/07/15,2015.0,December,43.0,F,United States,California,Accessories,Tires and Tubes,1.0,25.0,29.0,25.0,29.0,4.0,4.0
570,570,12/13/15,2015.0,December,43.0,F,United States,California,Accessories,Tires and Tubes,3.0,11.67,12.333333,35.0,37.0,2.0,0.6633329999999997
571,571,12/17/15,2015.0,December,43.0,F,United States,California,Bikes,Road Bikes,1.0,1120.0,1032.0,1120.0,1032.0,-88.0,-88.0
572,572,12/18/15,2015.0,December,43.0,F,United States,California,Accessories,Tires and Tubes,1.0,100.0,112.0,100.0,112.0,12.0,12.0
573,573,12/18/15,2015.0,December,43.0,F,United States,California,Accessories,Tires and Tubes,3.0,256.67,295.0,770.0,885.0,115.0,38.329999999999984
574,574,12/18/15,2015.0,December,43.0,F,United States,California,Accessories,Tires and Tubes,3.0,7.67,8.0,23.0,24.0,1.0,0.33000000000000007
575,575,12/28/15,2015.0,December,43.0,F,United States,California,Accessories,Tires and Tubes,3.0,326.67,384.333333,980.0,1153.0,173.0,57.663332999999966
576,576,12/28/15,2015.0,December,43.0,F,United States,California,Accessories,Tires and Tubes,3.0,1.67,2.0,5.0,6.0,1.0,0.33000000000000007
577,577,08/02/15,2015.0,August,62.0,F,United States,Washington,Bikes,Mountain Bikes,1.0,2295.0,2210.0,2295.0,2210.0,-85.0,-85.0
578,578,08/25/15,2015.0,August,62.0,M,United States,California,Clothing,Caps,1.0,63.0,69.0,63.0,69.0,6.0,6.0
579,579,02/09/16,2016.0,February,37.0,M,United States,Oregon,Accessories,Fenders,3.0,132.0,154.666667,396.0,464.0,68.0,22.66666699999999
580,580,02/09/16,2016.0,February,37.0,M,United States,Oregon,Accessories,Cleaners,3.0,5.33,6.333333,16.0,19.0,3.0,1.0033329999999996
581,581,04/27/16,2016.0,April,37.0,M,United States,Oregon,Bikes,Mountain Bikes,3.0,765.0,818.666667,2295.0,2456.0,161.0,53.66666699999996
582,582,06/20/16,2016.0,June,37.0,M,United States,Oregon,Accessories,Fenders,1.0,593.0,633.0,593.0,633.0,40.0,40.0
583,583,08/06/15,2015.0,August,37.0,M,United States,Oregon,Bikes,Mountain Bikes,1.0,2295.0,2257.0,2295.0,2257.0,-38.0,-38.0
584,584,08/06/15,2015.0,August,37.0,M,United States,Oregon,Accessories,Cleaners,1.0,135.0,164.0,135.0,164.0,29.0,29.0
585,585,08/31/15,2015.0,August,37.0,M,United States,Oregon,Accessories,Cleaners,3.0,77.0,78.333333,231.0,235.0,4.0,1.333332999999996
586,586,09/19/15,2015.0,September,37.0,M,United States,Oregon,Bikes,Mountain Bikes,3.0,765.0,745.666667,2295.0,2237.0,-58.0,-19.33333300000004
587,587,12/29/15,2015.0,December,37.0,M,United States,Oregon,Bikes,Road Bikes,3.0,373.33,360.666667,1120.0,1082.0,-38.0,-12.663332999999966
588,588,05/28/16,2016.0,May,37.0,F,United States,Oregon,Accessories,Fenders,1.0,528.0,615.0,528.0,615.0,87.0,87.0
589,589,09/21/15,2015.0,September,37.0,F,United States,Oregon,Accessories,Hydration Packs,2.0,605.0,674.5,1210.0,1349.0,139.0,69.5
590,590,09/21/15,2015.0,September,37.0,F,United States,Oregon,Accessories,Cleaners,1.0,127.0,140.0,127.0,140.0,13.0,13.0
591,591,01/03/16,2016.0,January,43.0,F,United States,Oregon,Accessories,Tires and Tubes,2.0,358.5,472.5,717.0,945.0,228.0,114.0
592,592,01/10/16,2016.0,January,43.0,F,United States,Oregon,Accessories,Tires and Tubes,1.0,840.0,1108.0,840.0,1108.0,268.0,268.0
593,593,01/10/16,2016.0,January,43.0,F,United States,Oregon,Accessories,Tires and Tubes,3.0,11.67,15.333333,35.0,46.0,11.0,3.6633329999999997
594,594,02/14/16,2016.0,February,43.0,F,United States,Oregon,Accessories,Tires and Tubes,3.0,1.67,2.333333,5.0,7.0,2.0,0.6633330000000002
595,595,02/14/16,2016.0,February,43.0,F,United States,Oregon,Accessories,Tires and Tubes,2.0,23.0,32.0,46.0,64.0,18.0,9.0
596,596,04/19/16,2016.0,April,43.0,F,United States,Oregon,Accessories,Tires and Tubes,1.0,105.0,146.0,105.0,146.0,41.0,41.0
597,597,07/08/16,2016.0,July,43.0,F,United States,Oregon,Accessories,Tires and Tubes,2.0,18.5,22.0,37.0,44.0,7.0,3.5
598,598,08/04/15,2015.0,August,43.0,F,United States,Oregon,Accessories,Tires and Tubes,2.0,50.0,54.5,100.0,109.0,9.0,4.5
599,599,08/04/15,2015.0,August,43.0,F,United States,Oregon,Accessories,Tires and Tubes,3.0,66.67,69.0,200.0,207.0,7.0,2.3299999999999983
600,600,12/02/15,2015.0,December,43.0,F,United States,Oregon,Accessories,Tires and Tubes,2.0,54.0,60.0,108.0,120.0,12.0,6.0
601,601,12/02/15,2015.0,December,43.0,F,United States,Oregon,Accessories,Tires and Tubes,1.0,587.0,630.0,587.0,630.0,43.0,43.0
602,602,12/07/15,2015.0,December,43.0,F,United States,Oregon,Accessories,Tires and Tubes,2.0,75.0,82.5,150.0,165.0,15.0,7.5
603,603,12/07/15,2015.0,December,43.0,F,United States,Oregon,Accessories,Tires and Tubes,1.0,420.0,497.0,420.0,497.0,77.0,77.0
604,604,03/16/16,2016.0,March,44.0,F,United States,Washington,Accessories,Tires and Tubes,2.0,34.5,44.0,69.0,88.0,19.0,9.5
605,605,04/15/16,2016.0,April,44.0,F,United States,Washington,Accessories,Tires and Tubes,2.0,192.5,249.0,385.0,498.0,113.0,56.5
606,606,04/21/16,2016.0,April,44.0,F,United States,Washington,Accessories,Tires and Tubes,2.0,44.0,52.5,88.0,105.0,17.0,8.5
607,607,04/21/16,2016.0,April,44.0,F,United States,Washington,Accessories,Tires and Tubes,2.0,161.0,212.0,322.0,424.0,102.0,51.0
608,608,05/04/16,2016.0,May,44.0,F,United States,Washington,Accessories,Tires and Tubes,1.0,65.0,85.0,65.0,85.0,20.0,20.0
609,609,06/05/16,2016.0,June,44.0,F,United States,Washington,Accessories,Tires and Tubes,2.0,12.5,17.0,25.0,34.0,9.0,4.5
610,610,06/19/16,2016.0,June,44.0,F,United States,Washington,Accessories,Tires and Tubes,3.0,11.33,14.0,34.0,42.0,8.0,2.67
611,611,07/03/16,2016.0,July,44.0,F,United States,Washington,Accessories,Tires and Tubes,2.0,75.0,86.5,150.0,173.0,23.0,11.5
612,612,08/29/15,2015.0,August,44.0,F,United States,Washington,Accessories,Tires and Tubes,3.0,338.33,350.666667,1015.0,1052.0,37.0,12.336667000000034
613,613,08/29/15,2015.0,August,44.0,F,United States,Washington,Accessories,Tires and Tubes,1.0,7.0,8.0,7.0,8.0,1.0,1.0
614,614,10/20/15,2015.0,October,44.0,F,United States,Washington,Accessories,Tires and Tubes,1.0,595.0,668.0,595.0,668.0,73.0,73.0
615,615,10/20/15,2015.0,October,44.0,F,United States,Washington,Accessories,Tires and Tubes,1.0,80.0,83.0,80.0,83.0,3.0,3.0
616,616,11/18/15,2015.0,November,44.0,F,United States,Washington,Accessories,Tires and Tubes,3.0,15.33,17.0,46.0,51.0,5.0,1.67
617,617,11/21/15,2015.0,November,44.0,F,United States,Washington,Accessories,Tires and Tubes,2.0,55.0,59.5,110.0,119.0,9.0,4.5
618,618,11/21/15,2015.0,November,44.0,F,United States,Washington,Accessories,Tires and Tubes,3.0,35.0,42.666667,105.0,128.0,23.0,7.666666999999997
619,619,11/23/15,2015.0,November,44.0,F,United States,Washington,Accessories,Tires and Tubes,3.0,8.33,9.0,25.0,27.0,2.0,0.6699999999999999
620,620,12/04/15,2015.0,December,44.0,F,United States,Washington,Accessories,Tires and Tubes,1.0,20.0,21.0,20.0,21.0,1.0,1.0
621,621,12/04/15,2015.0,December,44.0,F,United States,Washington,Accessories,Tires and Tubes,3.0,280.0,283.333333,840.0,850.0,10.0,3.333332999999982
622,622,12/12/15,2015.0,December,44.0,F,United States,Washington,Accessories,Tires and Tubes,3.0,315.0,342.666667,945.0,1028.0,83.0,27.666667000000018
623,623,01/16/16,2016.0,January,44.0,M,United States,Washington,Accessories,Tires and Tubes,3.0,3.0,3.333333,9.0,10.0,1.0,0.3333330000000001
624,624,03/07/16,2016.0,March,44.0,M,United States,Washington,Accessories,Tires and Tubes,1.0,50.0,69.0,50.0,69.0,19.0,19.0
625,625,03/27/16,2016.0,March,44.0,M,United States,Washington,Accessories,Tires and Tubes,2.0,57.5,74.0,115.0,148.0,33.0,16.5
626,626,03/27/16,2016.0,March,44.0,M,United States,Washington,Accessories,Tires and Tubes,1.0,60.0,75.0,60.0,75.0,15.0,15.0
627,627,05/14/16,2016.0,May,44.0,M,United States,Washington,Accessories,Tires and Tubes,3.0,45.0,48.666667,135.0,146.0,11.0,3.666666999999997
628,628,05/14/16,2016.0,May,44.0,M,United States,Washington,Accessories,Tires and Tubes,1.0,551.0,746.0,551.0,746.0,195.0,195.0
629,629,05/14/16,2016.0,May,44.0,M,United States,Washington,Accessories,Tires and Tubes,1.0,27.0,36.0,27.0,36.0,9.0,9.0
630,630,05/29/16,2016.0,May,44.0,M,United States,Washington,Accessories,Tires and Tubes,2.0,2.5,3.0,5.0,6.0,1.0,0.5
631,631,06/04/16,2016.0,June,44.0,M,United States,Washington,Accessories,Tires and Tubes,2.0,65.0,76.5,130.0,153.0,23.0,11.5
632,632,06/04/16,2016.0,June,44.0,M,United States,Washington,Accessories,Tires and Tubes,3.0,241.67,324.333333,725.0,973.0,248.0,82.663333
633,633,07/01/16,2016.0,July,44.0,M,United States,Washington,Accessories,Tires and Tubes,1.0,725.0,973.0,725.0,973.0,248.0,248.0
634,634,07/01/16,2016.0,July,44.0,M,United States,Washington,Accessories,Tires and Tubes,2.0,50.0,60.5,100.0,121.0,21.0,10.5
635,635,10/22/15,2015.0,October,44.0,M,United States,Washington,Accessories,Tires and Tubes,3.0,1.67,2.0,5.0,6.0,1.0,0.33000000000000007
636,636,10/22/15,2015.0,October,44.0,M,United States,Washington,Accessories,Tires and Tubes,2.0,15.0,16.5,30.0,33.0,3.0,1.5
637,637,11/08/15,2015.0,November,44.0,M,United States,Washington,Accessories,Tires and Tubes,2.0,42.5,47.0,85.0,94.0,9.0,4.5
638,638,11/08/15,2015.0,November,44.0,M,United States,Washington,Accessories,Tires and Tubes,1.0,1015.0,1090.0,1015.0,1090.0,75.0,75.0
639,639,11/08/15,2015.0,November,44.0,M,United States,Washington,Accessories,Tires and Tubes,2.0,26.5,27.5,53.0,55.0,2.0,1.0
640,640,12/17/15,2015.0,December,44.0,M,United States,Washington,Accessories,Tires and Tubes,3.0,5.33,6.333333,16.0,19.0,3.0,1.0033329999999996
641,641,12/17/15,2015.0,December,44.0,M,United States,Washington,Accessories,Tires and Tubes,3.0,141.67,156.333333,425.0,469.0,44.0,14.663333000000023
642,642,12/17/15,2015.0,December,44.0,M,United States,Washington,Accessories,Tires and Tubes,2.0,23.0,27.0,46.0,54.0,8.0,4.0
643,643,06/05/16,2016.0,June,44.0,F,United States,Washington,Accessories,Cleaners,1.0,231.0,288.0,231.0,288.0,57.0,57.0
644,644,01/17/16,2016.0,January,45.0,F,United States,Oregon,Bikes,Mountain Bikes,2.0,1147.5,1105.5,2295.0,2211.0,-84.0,-42.0
645,645,01/24/16,2016.0,January,45.0,F,United States,Oregon,Bikes,Mountain Bikes,2.0,1160.0,1121.0,2320.0,2242.0,-78.0,-39.0
646,646,04/24/16,2016.0,April,45.0,F,United States,Oregon,Bikes,Road Bikes,2.0,850.5,840.0,1701.0,1680.0,-21.0,-10.5
647,647,04/04/15,2015.0,April,45.0,F,United States,Oregon,Bikes,Road Bikes,1.0,1000.0,891.0,1000.0,891.0,-109.0,-109.0
648,648,05/09/15,2015.0,May,45.0,F,United States,Oregon,Bikes,Road Bikes,2.0,500.0,465.5,1000.0,931.0,-69.0,-34.5
649,649,05/16/15,2015.0,May,45.0,F,United States,Oregon,Bikes,Road Bikes,3.0,333.33,313.666667,1000.0,941.0,-59.0,-19.663332999999966
650,650,08/22/15,2015.0,August,45.0,F,United States,Oregon,Bikes,Mountain Bikes,2.0,1147.5,1164.0,2295.0,2328.0,33.0,16.5
651,651,11/15/15,2015.0,November,45.0,F,United States,Oregon,Bikes,Mountain Bikes,3.0,773.33,702.0,2320.0,2106.0,-214.0,-71.33000000000004
652,652,12/07/15,2015.0,December,45.0,F,United States,Oregon,Bikes,Mountain Bikes,3.0,256.33,261.333333,769.0,784.0,15.0,5.003332999999998
653,653,02/20/16,2016.0,February,60.0,F,United States,California,Accessories,Fenders,1.0,220.0,303.0,220.0,303.0,83.0,83.0
654,654,02/20/16,2016.0,February,60.0,F,United States,California,Accessories,Cleaners,2.0,71.5,86.5,143.0,173.0,30.0,15.0
655,655,03/11/16,2016.0,March,60.0,F,United States,California,Accessories,Fenders,3.0,197.67,262.333333,593.0,787.0,194.0,64.663333
656,656,08/13/15,2015.0,August,60.0,F,United States,California,Accessories,Cleaners,2.0,16.0,19.0,32.0,38.0,6.0,3.0
657,657,11/10/15,2015.0,November,60.0,F,United States,California,Accessories,Cleaners,2.0,8.0,8.0,16.0,16.0,0.0,0.0
658,658,07/16/16,2016.0,July,59.0,F,United States,Washington,Accessories,Tires and Tubes,1.0,815.0,933.0,815.0,933.0,118.0,118.0
659,659,09/25/15,2015.0,September,59.0,F,United States,Washington,Accessories,Tires and Tubes,2.0,297.5,342.5,595.0,685.0,90.0,45.0
660,660,09/25/15,2015.0,September,59.0,F,United States,Washington,Accessories,Tires and Tubes,2.0,60.0,68.0,120.0,136.0,16.0,8.0
661,661,09/25/15,2015.0,September,59.0,F,United States,Washington,Accessories,Tires and Tubes,3.0,19.0,22.666667,57.0,68.0,11.0,3.6666670000000003
662,662,11/19/15,2015.0,November,59.0,F,United States,Washington,Accessories,Tires and Tubes,3.0,50.0,53.666667,150.0,161.0,11.0,3.666666999999997
663,663,11/22/15,2015.0,November,59.0,F,United States,Washington,Accessories,Tires and Tubes,3.0,15.33,18.0,46.0,54.0,8.0,2.67
664,664,08/03/15,2015.0,August,59.0,M,United States,California,Accessories,Bike Stands,2.0,238.5,288.0,477.0,576.0,99.0,49.5
665,665,03/28/16,2016.0,March,58.0,M,United States,California,Clothing,Jerseys,3.0,300.0,343.0,900.0,1029.0,129.0,43.0
666,666,06/15/16,2016.0,June,58.0,M,United States,California,Bikes,Mountain Bikes,2.0,1147.5,1220.0,2295.0,2440.0,145.0,72.5
667,667,06/17/16,2016.0,June,58.0,M,United States,California,Bikes,Mountain Bikes,3.0,773.33,840.666667,2320.0,2522.0,202.0,67.33666699999992
668,668,08/09/15,2015.0,August,58.0,M,United States,California,Bikes,Mountain Bikes,3.0,765.0,739.666667,2295.0,2219.0,-76.0,-25.33333300000004
669,669,08/09/15,2015.0,August,58.0,M,United States,California,Clothing,Jerseys,3.0,366.67,435.666667,1100.0,1307.0,207.0,68.996667
670,670,08/24/15,2015.0,August,58.0,M,United States,California,Bikes,Mountain Bikes,3.0,765.0,710.333333,2295.0,2131.0,-164.0,-54.66666699999996
671,671,11/07/15,2015.0,November,58.0,M,United States,California,Bikes,Road Bikes,2.0,270.0,256.0,540.0,512.0,-28.0,-14.0
672,672,11/24/15,2015.0,November,58.0,M,United States,California,Bikes,Mountain Bikes,1.0,2295.0,2220.0,2295.0,2220.0,-75.0,-75.0
673,673,11/24/15,2015.0,November,58.0,M,United States,California,Clothing,Jerseys,3.0,522.0,483.666667,1566.0,1451.0,-115.0,-38.33333299999998
674,674,11/26/15,2015.0,November,58.0,M,United States,California,Clothing,Jerseys,3.0,300.0,308.666667,900.0,926.0,26.0,8.666667000000018
675,675,08/04/15,2015.0,August,58.0,M,United States,Washington,Bikes,Mountain Bikes,2.0,1160.0,1140.0,2320.0,2280.0,-40.0,-20.0
676,676,08/04/15,2015.0,August,58.0,M,United States,Washington,Accessories,Bottles and Cages,1.0,30.0,33.0,30.0,33.0,3.0,3.0
677,677,08/04/15,2015.0,August,58.0,M,United States,Washington,Accessories,Bottles and Cages,1.0,140.0,163.0,140.0,163.0,23.0,23.0
678,678,08/04/15,2015.0,August,58.0,M,United States,Washington,Accessories,Hydration Packs,2.0,687.5,745.5,1375.0,1491.0,116.0,58.0
679,679,03/19/16,2016.0,March,58.0,M,United States,California,Accessories,Helmets,2.0,245.0,291.5,490.0,583.0,93.0,46.5
680,680,03/28/16,2016.0,March,58.0,M,United States,California,Accessories,Helmets,3.0,23.33,29.0,70.0,87.0,17.0,5.670000000000002
681,681,06/24/16,2016.0,June,58.0,M,United States,California,Accessories,Helmets,3.0,315.0,411.0,945.0,1233.0,288.0,96.0
682,682,08/24/15,2015.0,August,58.0,M,United States,California,Accessories,Helmets,3.0,326.67,368.666667,980.0,1106.0,126.0,41.996667
683,683,09/12/15,2015.0,September,58.0,M,United States,California,Accessories,Helmets,3.0,315.0,364.0,945.0,1092.0,147.0,49.0
684,684,07/10/15,2015.0,July,35.0,F,Germany,Nordrhein-Westfalen,Bikes,Mountain Bikes,1.0,2320.0,2548.0,2320.0,2548.0,228.0,228.0
685,685,01/06/16,2016.0,January,36.0,F,United Kingdom,England,Bikes,Touring Bikes,3.0,247.33,247.666667,742.0,743.0,1.0,0.3366669999999772
686,686,01/21/16,2016.0,January,36.0,F,United Kingdom,England,Bikes,Touring Bikes,3.0,247.33,268.0,742.0,804.0,62.0,20.669999999999987
687,687,01/28/16,2016.0,January,36.0,F,United Kingdom,England,Bikes,Touring Bikes,2.0,1192.0,1229.5,2384.0,2459.0,75.0,37.5
688,688,04/26/16,2016.0,April,36.0,F,United Kingdom,England,Bikes,Touring Bikes,3.0,247.33,260.666667,742.0,782.0,40.0,13.336667000000006
689,689,06/09/16,2016.0,June,36.0,F,United Kingdom,England,Bikes,Touring Bikes,2.0,1192.0,1275.0,2384.0,2550.0,166.0,83.0
690,690,12/06/15,2015.0,December,36.0,F,United Kingdom,England,Bikes,Touring Bikes,3.0,794.67,722.666667,2384.0,2168.0,-216.0,-72.003333
691,691,12/18/15,2015.0,December,36.0,F,United Kingdom,England,Bikes,Touring Bikes,2.0,1192.0,1044.5,2384.0,2089.0,-295.0,-147.5
692,692,07/08/15,2015.0,July,36.0,F,Germany,Bayern,Bikes,Mountain Bikes,2.0,1160.0,1253.0,2320.0,2506.0,186.0,93.0
693,693,01/08/16,2016.0,January,35.0,M,France,Seine (Paris),Accessories,Helmets,2.0,350.0,505.5,700.0,1011.0,311.0,155.5
694,694,06/05/16,2016.0,June,35.0,M,France,Seine (Paris),Accessories,Bottles and Cages,1.0,36.0,58.0,36.0,58.0,22.0,22.0
695,695,06/05/16,2016.0,June,35.0,M,France,Seine (Paris),Accessories,Bottles and Cages,2.0,35.0,35.5,70.0,71.0,1.0,0.5
696,696,06/05/16,2016.0,June,35.0,M,France,Seine (Paris),Accessories,Helmets,3.0,280.0,301.666667,840.0,905.0,65.0,21.666667000000018
697,697,03/31/15,2015.0,March,35.0,M,France,Seine (Paris),Bikes,Mountain Bikes,2.0,1035.5,710.0,2071.0,1420.0,-651.0,-325.5
698,698,07/09/15,2015.0,July,35.0,M,France,Seine (Paris),Bikes,Mountain Bikes,2.0,1160.0,942.0,2320.0,1884.0,-436.0,-218.0
699,699,07/09/15,2015.0,July,35.0,M,France,Seine (Paris),Accessories,Bottles and Cages,2.0,55.0,47.5,110.0,95.0,-15.0,-7.5
700,700,07/09/15,2015.0,July,35.0,M,France,Seine (Paris),Accessories,Bottles and Cages,2.0,30.0,29.0,60.0,58.0,-2.0,-1.0
701,701,07/09/15,2015.0,July,35.0,M,France,Seine (Paris),Accessories,Helmets,3.0,198.33,283.666667,595.0,851.0,256.0,85.336667
702,702,09/04/15,2015.0,September,35.0,M,France,Seine (Paris),Accessories,Helmets,3.0,81.67,65.0,245.0,195.0,-50.0,-16.67
703,703,01/20/16,2016.0,January,36.0,M,United Kingdom,England,Bikes,Touring Bikes,2.0,1192.0,1360.0,2384.0,2720.0,336.0,168.0
704,704,05/21/16,2016.0,May,36.0,M,United Kingdom,England,Bikes,Touring Bikes,3.0,247.33,262.0,742.0,786.0,44.0,14.669999999999987
705,705,07/23/15,2015.0,July,36.0,M,United Kingdom,England,Bikes,Mountain Bikes,1.0,2320.0,2007.0,2320.0,2007.0,-313.0,-313.0
706,706,10/02/15,2015.0,October,36.0,M,United Kingdom,England,Bikes,Mountain Bikes,2.0,270.0,264.5,540.0,529.0,-11.0,-5.5
707,707,10/09/15,2015.0,October,36.0,M,United Kingdom,England,Bikes,Mountain Bikes,2.0,384.5,375.5,769.0,751.0,-18.0,-9.0
708,708,10/30/15,2015.0,October,36.0,M,United Kingdom,England,Bikes,Mountain Bikes,3.0,180.0,183.666667,540.0,551.0,11.0,3.6666669999999897
709,709,07/03/15,2015.0,July,36.0,M,Germany,Nordrhein-Westfalen,Bikes,Mountain Bikes,3.0,773.33,908.666667,2320.0,2726.0,406.0,135.33666699999992
710,710,07/03/15,2015.0,July,36.0,M,Germany,Nordrhein-Westfalen,Accessories,Bottles and Cages,1.0,30.0,40.0,30.0,40.0,10.0,10.0
711,711,07/03/15,2015.0,July,36.0,M,Germany,Nordrhein-Westfalen,Accessories,Bottles and Cages,2.0,17.5,23.5,35.0,47.0,12.0,6.0
712,712,07/03/15,2015.0,July,36.0,M,Germany,Nordrhein-Westfalen,Accessories,Helmets,3.0,186.67,265.0,560.0,795.0,235.0,78.33000000000001
713,713,04/10/15,2015.0,April,36.0,M,France,Seine (Paris),Bikes,Mountain Bikes,1.0,2049.0,2267.0,2049.0,2267.0,218.0,218.0
714,714,07/29/15,2015.0,July,36.0,M,France,Seine (Paris),Bikes,Mountain Bikes,2.0,1147.5,1163.0,2295.0,2326.0,31.0,15.5
715,715,04/30/15,2015.0,April,61.0,F,France,Seine (Paris),Bikes,Mountain Bikes,2.0,1024.5,1077.0,2049.0,2154.0,105.0,52.5
716,716,07/06/15,2015.0,July,61.0,F,France,Seine (Paris),Bikes,Mountain Bikes,1.0,2295.0,1630.0,2295.0,1630.0,-665.0,-665.0
717,717,07/06/15,2015.0,July,61.0,F,France,Seine (Paris),Accessories,Bottles and Cages,3.0,43.33,52.333333,130.0,157.0,27.0,9.003333000000005
718,718,07/06/15,2015.0,July,61.0,F,France,Seine (Paris),Accessories,Bottles and Cages,1.0,145.0,204.0,145.0,204.0,59.0,59.0
719,719,07/06/15,2015.0,July,61.0,F,France,Seine (Paris),Clothing,Jerseys,1.0,108.0,100.0,108.0,100.0,-8.0,-8.0
720,720,01/20/16,2016.0,January,61.0,M,United Kingdom,England,Bikes,Touring Bikes,2.0,1192.0,1207.0,2384.0,2414.0,30.0,15.0
721,721,01/20/16,2016.0,January,61.0,M,United Kingdom,England,Accessories,Tires and Tubes,3.0,183.67,244.333333,551.0,733.0,182.0,60.66333300000002
722,722,01/20/16,2016.0,January,61.0,M,United Kingdom,England,Accessories,Tires and Tubes,3.0,23.33,30.0,70.0,90.0,20.0,6.670000000000002
723,723,01/20/16,2016.0,January,61.0,M,United Kingdom,England,Accessories,Helmets,3.0,35.0,40.0,105.0,120.0,15.0,5.0
724,724,04/24/16,2016.0,April,61.0,M,United Kingdom,England,Accessories,Tires and Tubes,3.0,24.0,30.666667,72.0,92.0,20.0,6.666667
725,725,04/24/16,2016.0,April,61.0,M,United Kingdom,England,Accessories,Helmets,3.0,338.33,433.666667,1015.0,1301.0,286.0,95.33666700000003
726,726,07/07/15,2015.0,July,61.0,M,United Kingdom,England,Bikes,Mountain Bikes,2.0,1147.5,1084.5,2295.0,2169.0,-126.0,-63.0
727,727,07/07/15,2015.0,July,61.0,M,United Kingdom,England,Accessories,Helmets,2.0,402.5,491.0,805.0,982.0,177.0,88.5
728,728,07/07/15,2015.0,July,61.0,M,United Kingdom,England,Clothing,Caps,2.0,36.0,39.0,72.0,78.0,6.0,3.0
729,729,09/03/15,2015.0,September,61.0,M,United Kingdom,England,Accessories,Tires and Tubes,3.0,12.0,13.666667,36.0,41.0,5.0,1.6666670000000003
730,730,09/03/15,2015.0,September,61.0,M,United Kingdom,England,Accessories,Tires and Tubes,2.0,86.0,96.5,172.0,193.0,21.0,10.5
731,731,01/13/16,2016.0,January,35.0,M,France,Pas de Calais,Accessories,Bottles and Cages,1.0,75.0,90.0,75.0,90.0,15.0,15.0
732,732,01/13/16,2016.0,January,35.0,M,France,Pas de Calais,Accessories,Bottles and Cages,3.0,48.0,49.666667,144.0,149.0,5.0,1.6666669999999968
733,733,01/13/16,2016.0,January,35.0,M,France,Pas de Calais,Accessories,Helmets,2.0,385.0,414.0,770.0,828.0,58.0,29.0
734,734,09/27/15,2015.0,September,35.0,M,France,Pas de Calais,Accessories,Bottles and Cages,1.0,130.0,167.0,130.0,167.0,37.0,37.0
735,735,09/27/15,2015.0,September,35.0,M,France,Pas de Calais,Accessories,Bottles and Cages,2.0,18.0,22.5,36.0,45.0,9.0,4.5
736,736,01/24/16,2016.0,January,40.0,F,United Kingdom,England,Clothing,Gloves,3.0,73.33,91.333333,220.0,274.0,54.0,18.003332999999998
737,737,04/25/15,2015.0,April,40.0,F,France,Seine Saint Denis,Bikes,Mountain Bikes,2.0,1024.5,708.0,2049.0,1416.0,-633.0,-316.5
738,738,07/04/15,2015.0,July,40.0,F,France,Seine Saint Denis,Bikes,Mountain Bikes,2.0,1160.0,1340.5,2320.0,2681.0,361.0,180.5
739,739,07/04/15,2015.0,July,40.0,F,France,Seine Saint Denis,Accessories,Tires and Tubes,1.0,35.0,36.0,35.0,36.0,1.0,1.0
740,740,08/12/15,2015.0,August,40.0,F,France,Seine Saint Denis,Accessories,Tires and Tubes,3.0,38.67,51.0,116.0,153.0,37.0,12.329999999999998
741,741,09/10/15,2015.0,September,40.0,F,France,Seine Saint Denis,Accessories,Tires and Tubes,2.0,420.0,522.5,840.0,1045.0,205.0,102.5
742,742,09/10/15,2015.0,September,40.0,F,France,Seine Saint Denis,Accessories,Tires and Tubes,2.0,33.0,39.0,66.0,78.0,12.0,6.0
743,743,08/15/15,2015.0,August,42.0,F,France,Seine (Paris),Clothing,Jerseys,2.0,100.0,104.5,200.0,209.0,9.0,4.5
744,744,08/15/15,2015.0,August,42.0,F,France,Seine (Paris),Clothing,Socks,2.0,63.0,46.5,126.0,93.0,-33.0,-16.5
745,745,10/02/15,2015.0,October,42.0,M,Germany,Hamburg,Clothing,Jerseys,3.0,216.0,257.333333,648.0,772.0,124.0,41.33333299999998
746,746,01/09/16,2016.0,January,43.0,F,Germany,Hessen,Clothing,Jerseys,3.0,83.33,117.333333,250.0,352.0,102.0,34.003333
747,747,07/16/16,2016.0,July,43.0,F,Germany,Hessen,Accessories,Bottles and Cages,2.0,45.0,59.5,90.0,119.0,29.0,14.5
748,748,07/16/16,2016.0,July,43.0,F,Germany,Hessen,Accessories,Bottles and Cages,1.0,27.0,39.0,27.0,39.0,12.0,12.0
749,749,07/16/16,2016.0,July,43.0,F,Germany,Hessen,Clothing,Jerseys,1.0,1188.0,1818.0,1188.0,1818.0,630.0,630.0
750,750,11/02/15,2015.0,November,57.0,M,France,Seine Saint Denis,Accessories,Bottles and Cages,1.0,81.0,74.0,81.0,74.0,-7.0,-7.0
751,751,11/02/15,2015.0,November,57.0,M,France,Seine Saint Denis,Accessories,Bottles and Cages,1.0,140.0,184.0,140.0,184.0,44.0,44.0
752,752,06/05/16,2016.0,June,55.0,F,Germany,Bayern,Accessories,Bottles and Cages,2.0,45.0,64.5,90.0,129.0,39.0,19.5
753,753,06/05/16,2016.0,June,55.0,F,Germany,Bayern,Clothing,Caps,2.0,85.5,121.0,171.0,242.0,71.0,35.5
754,754,06/05/16,2016.0,June,55.0,F,Germany,Bayern,Accessories,Bottles and Cages,2.0,112.5,185.5,225.0,371.0,146.0,73.0
755,755,01/23/16,2016.0,January,55.0,M,United Kingdom,England,Accessories,Bottles and Cages,2.0,17.5,22.0,35.0,44.0,9.0,4.5
756,756,01/23/16,2016.0,January,55.0,M,United Kingdom,England,Accessories,Bottles and Cages,1.0,110.0,145.0,110.0,145.0,35.0,35.0
757,757,02/22/16,2016.0,February,55.0,M,United Kingdom,England,Accessories,Bottles and Cages,3.0,43.33,53.0,130.0,159.0,29.0,9.670000000000002
758,758,02/22/16,2016.0,February,55.0,M,United Kingdom,England,Accessories,Bottles and Cages,2.0,25.0,34.0,50.0,68.0,18.0,9.0
759,759,03/29/16,2016.0,March,55.0,M,United Kingdom,England,Accessories,Bottles and Cages,2.0,52.5,72.0,105.0,144.0,39.0,19.5
760,760,03/29/16,2016.0,March,55.0,M,United Kingdom,England,Accessories,Bottles and Cages,2.0,22.5,27.5,45.0,55.0,10.0,5.0
761,761,04/07/16,2016.0,April,55.0,M,United Kingdom,England,Accessories,Bottles and Cages,2.0,130.5,179.5,261.0,359.0,98.0,49.0
762,762,04/07/16,2016.0,April,55.0,M,United Kingdom,England,Accessories,Bottles and Cages,3.0,36.67,50.333333,110.0,151.0,41.0,13.663333000000002
763,763,05/05/16,2016.0,May,55.0,M,United Kingdom,England,Accessories,Bottles and Cages,1.0,90.0,121.0,90.0,121.0,31.0,31.0
764,764,05/05/16,2016.0,May,55.0,M,United Kingdom,England,Accessories,Bottles and Cages,3.0,48.33,60.666667,145.0,182.0,37.0,12.336666999999998
765,765,08/15/15,2015.0,August,55.0,M,United Kingdom,England,Accessories,Bottles and Cages,2.0,10.0,11.0,20.0,22.0,2.0,1.0
766,766,02/28/16,2016.0,February,54.0,F,Germany,Hessen,Accessories,Bottles and Cages,3.0,24.0,38.0,72.0,114.0,42.0,14.0
767,767,02/28/16,2016.0,February,54.0,F,Germany,Hessen,Accessories,Bottles and Cages,3.0,31.67,46.0,95.0,138.0,43.0,14.329999999999998
768,768,02/28/16,2016.0,February,54.0,F,Germany,Hessen,Clothing,Gloves,1.0,122.0,167.0,122.0,167.0,45.0,45.0
769,769,09/08/15,2015.0,September,54.0,M,Germany,Nordrhein-Westfalen,Accessories,Tires and Tubes,2.0,20.0,28.0,40.0,56.0,16.0,8.0
770,770,09/08/15,2015.0,September,54.0,M,Germany,Nordrhein-Westfalen,Accessories,Tires and Tubes,2.0,20.5,28.0,41.0,56.0,15.0,7.5
771,771,10/17/15,2015.0,October,54.0,M,Germany,Nordrhein-Westfalen,Accessories,Tires and Tubes,2.0,22.5,29.0,45.0,58.0,13.0,6.5
772,772,10/17/15,2015.0,October,54.0,M,Germany,Nordrhein-Westfalen,Accessories,Tires and Tubes,1.0,319.0,418.0,319.0,418.0,99.0,99.0
773,773,10/17/15,2015.0,October,54.0,M,Germany,Nordrhein-Westfalen,Accessories,Helmets,2.0,210.0,282.5,420.0,565.0,145.0,72.5
774,774,04/17/16,2016.0,April,54.0,M,United Kingdom,England,Clothing,Jerseys,1.0,1404.0,1661.0,1404.0,1661.0,257.0,257.0
775,775,09/01/15,2015.0,September,36.0,M,Germany,Nordrhein-Westfalen,Clothing,Jerseys,2.0,250.0,354.5,500.0,709.0,209.0,104.5
776,776,04/20/15,2015.0,April,37.0,F,France,Moselle,Bikes,Mountain Bikes,3.0,690.33,518.333333,2071.0,1555.0,-516.0,-171.996667
777,777,08/18/15,2015.0,August,37.0,F,France,Moselle,Bikes,Mountain Bikes,3.0,773.33,909.666667,2320.0,2729.0,409.0,136.33666699999992
778,778,08/18/15,2015.0,August,37.0,F,France,Moselle,Accessories,Bottles and Cages,2.0,125.0,132.5,250.0,265.0,15.0,7.5
779,779,08/18/15,2015.0,August,37.0,F,France,Moselle,Accessories,Helmets,2.0,385.0,482.0,770.0,964.0,194.0,97.0
780,780,02/07/16,2016.0,February,38.0,M,France,Hauts de Seine,Accessories,Fenders,1.0,352.0,414.0,352.0,414.0,62.0,62.0
781,781,08/07/15,2015.0,August,38.0,M,Germany,Saarland,Accessories,Bottles and Cages,3.0,13.33,18.333333,40.0,55.0,15.0,5.003333
782,782,08/07/15,2015.0,August,38.0,M,Germany,Saarland,Accessories,Bottles and Cages,1.0,10.0,12.0,10.0,12.0,2.0,2.0
783,783,08/07/15,2015.0,August,38.0,M,Germany,Saarland,Accessories,Cleaners,2.0,24.0,34.0,48.0,68.0,20.0,10.0
784,784,11/27/15,2015.0,November,38.0,M,Germany,Saarland,Accessories,Bottles and Cages,2.0,99.0,127.0,198.0,254.0,56.0,28.0
785,785,11/27/15,2015.0,November,38.0,M,Germany,Saarland,Accessories,Bottles and Cages,3.0,40.0,56.666667,120.0,170.0,50.0,16.666666999999997
786,786,05/07/15,2015.0,May,39.0,M,France,Nord,Bikes,Mountain Bikes,3.0,683.0,522.0,2049.0,1566.0,-483.0,-161.0
787,787,08/20/15,2015.0,August,39.0,M,France,Nord,Bikes,Mountain Bikes,2.0,1147.5,1161.5,2295.0,2323.0,28.0,14.0
788,788,07/04/16,2016.0,July,37.0,F,France,Seine et Marne,Accessories,Bottles and Cages,3.0,25.0,31.333333,75.0,94.0,19.0,6.333333
789,789,07/04/16,2016.0,July,37.0,F,France,Seine et Marne,Accessories,Bottles and Cages,2.0,40.5,43.5,81.0,87.0,6.0,3.0
790,790,02/03/16,2016.0,February,37.0,F,France,Essonne,Accessories,Bottles and Cages,1.0,162.0,164.0,162.0,164.0,2.0,2.0
791,791,02/03/16,2016.0,February,37.0,F,France,Essonne,Accessories,Bottles and Cages,2.0,5.0,6.0,10.0,12.0,2.0,1.0
792,792,02/03/16,2016.0,February,37.0,F,France,Essonne,Accessories,Helmets,2.0,490.0,688.0,980.0,1376.0,396.0,198.0
793,793,03/14/16,2016.0,March,37.0,F,France,Essonne,Accessories,Bottles and Cages,1.0,189.0,263.0,189.0,263.0,74.0,74.0
794,794,03/14/16,2016.0,March,37.0,F,France,Essonne,Accessories,Bottles and Cages,2.0,27.5,36.0,55.0,72.0,17.0,8.5
795,795,03/14/16,2016.0,March,37.0,F,France,Essonne,Accessories,Helmets,3.0,81.67,77.333333,245.0,232.0,-13.0,-4.336667000000006
796,796,04/30/16,2016.0,April,37.0,F,France,Essonne,Accessories,Helmets,1.0,805.0,740.0,805.0,740.0,-65.0,-65.0
797,797,05/20/16,2016.0,May,27.0,M,Germany,Hessen,Accessories,Helmets,1.0,945.0,1354.0,945.0,1354.0,409.0,409.0
798,798,08/26/15,2015.0,August,27.0,M,Germany,Hessen,Accessories,Helmets,2.0,175.0,241.5,350.0,483.0,133.0,66.5
799,799,08/29/15,2015.0,August,27.0,M,Germany,Hessen,Accessories,Helmets,3.0,58.33,71.333333,175.0,214.0,39.0,13.003332999999998
800,800,12/13/15,2015.0,December,27.0,M,Germany,Hessen,Accessories,Helmets,3.0,11.67,15.0,35.0,45.0,10.0,3.33
801,801,05/20/16,2016.0,May,27.0,M,Germany,Hessen,Accessories,Tires and Tubes,1.0,551.0,761.0,551.0,761.0,210.0,210.0
802,802,05/20/16,2016.0,May,27.0,M,Germany,Hessen,Accessories,Tires and Tubes,2.0,12.5,21.0,25.0,42.0,17.0,8.5
803,803,08/26/15,2015.0,August,27.0,M,Germany,Hessen,Accessories,Tires and Tubes,1.0,580.0,778.0,580.0,778.0,198.0,198.0
804,804,08/26/15,2015.0,August,27.0,M,Germany,Hessen,Accessories,Tires and Tubes,1.0,135.0,184.0,135.0,184.0,49.0,49.0
805,805,09/03/15,2015.0,September,27.0,M,Germany,Hessen,Accessories,Tires and Tubes,3.0,9.0,11.333333,27.0,34.0,7.0,2.3333329999999997
806,806,09/30/15,2015.0,September,27.0,M,Germany,Hessen,Accessories,Tires and Tubes,2.0,43.5,53.0,87.0,106.0,19.0,9.5
807,807,10/01/15,2015.0,October,27.0,M,Germany,Hessen,Accessories,Tires and Tubes,2.0,87.0,117.0,174.0,234.0,60.0,30.0
808,808,10/01/15,2015.0,October,27.0,M,Germany,Hessen,Accessories,Tires and Tubes,3.0,1.67,2.333333,5.0,7.0,2.0,0.6633330000000002
809,809,10/25/15,2015.0,October,27.0,M,Germany,Hessen,Accessories,Tires and Tubes,2.0,44.0,60.0,88.0,120.0,32.0,16.0
810,810,10/25/15,2015.0,October,27.0,M,Germany,Hessen,Accessories,Tires and Tubes,1.0,23.0,30.0,23.0,30.0,7.0,7.0
811,811,12/13/15,2015.0,December,27.0,M,Germany,Hessen,Accessories,Tires and Tubes,1.0,80.0,100.0,80.0,100.0,20.0,20.0
812,812,12/13/15,2015.0,December,27.0,M,Germany,Hessen,Accessories,Tires and Tubes,2.0,390.0,546.5,780.0,1093.0,313.0,156.5
813,813,08/06/15,2015.0,August,28.0,M,United Kingdom,England,Accessories,Cleaners,3.0,16.0,18.333333,48.0,55.0,7.0,2.3333329999999997
814,814,01/08/16,2016.0,January,28.0,F,France,Seine (Paris),Clothing,Gloves,2.0,318.5,504.0,637.0,1008.0,371.0,185.5
815,815,05/01/15,2015.0,May,28.0,F,France,Seine (Paris),Bikes,Mountain Bikes,3.0,690.33,623.0,2071.0,1869.0,-202.0,-67.33000000000004
816,816,07/26/15,2015.0,July,28.0,F,France,Seine (Paris),Bikes,Mountain Bikes,3.0,765.0,668.333333,2295.0,2005.0,-290.0,-96.66666699999996
817,817,07/26/15,2015.0,July,28.0,F,France,Seine (Paris),Accessories,Hydration Packs,3.0,440.0,431.666667,1320.0,1295.0,-25.0,-8.333332999999982
818,818,09/09/15,2015.0,September,28.0,F,France,Seine (Paris),Accessories,Helmets,1.0,735.0,587.0,735.0,587.0,-148.0,-148.0
819,819,07/04/15,2015.0,July,28.0,F,France,Loiret,Accessories,Hydration Packs,1.0,1045.0,1434.0,1045.0,1434.0,389.0,389.0
820,820,07/04/15,2015.0,July,28.0,F,France,Loiret,Clothing,Caps,1.0,270.0,302.0,270.0,302.0,32.0,32.0
821,821,10/04/15,2015.0,October,28.0,F,France,Loiret,Accessories,Helmets,3.0,233.33,253.0,700.0,759.0,59.0,19.669999999999987
822,822,02/05/16,2016.0,February,28.0,F,France,Charente-Maritime,Bikes,Road Bikes,2.0,850.5,721.0,1701.0,1442.0,-259.0,-129.5
823,823,05/01/15,2015.0,May,28.0,F,France,Charente-Maritime,Bikes,Mountain Bikes,3.0,690.33,866.333333,2071.0,2599.0,528.0,176.003333
824,824,07/22/15,2015.0,July,28.0,F,France,Charente-Maritime,Bikes,Mountain Bikes,3.0,773.33,579.0,2320.0,1737.0,-583.0,-194.33000000000004
825,825,07/22/15,2015.0,July,28.0,F,France,Charente-Maritime,Accessories,Bottles and Cages,2.0,60.0,85.5,120.0,171.0,51.0,25.5
826,826,07/22/15,2015.0,July,28.0,F,France,Charente-Maritime,Accessories,Bottles and Cages,1.0,150.0,196.0,150.0,196.0,46.0,46.0
827,827,07/22/15,2015.0,July,28.0,F,France,Charente-Maritime,Clothing,Caps,1.0,18.0,13.0,18.0,13.0,-5.0,-5.0
828,828,07/22/15,2015.0,July,28.0,F,France,Charente-Maritime,Clothing,Jerseys,1.0,540.0,368.0,540.0,368.0,-172.0,-172.0
829,829,11/29/15,2015.0,November,28.0,F,France,Charente-Maritime,Bikes,Road Bikes,2.0,270.0,205.5,540.0,411.0,-129.0,-64.5
830,830,11/29/15,2015.0,November,28.0,F,France,Charente-Maritime,Accessories,Tires and Tubes,3.0,21.33,26.666667,64.0,80.0,16.0,5.336667000000002
831,831,11/29/15,2015.0,November,28.0,F,France,Charente-Maritime,Accessories,Tires and Tubes,3.0,13.67,19.0,41.0,57.0,16.0,5.33
832,832,02/06/16,2016.0,February,46.0,F,Germany,Hessen,Accessories,Tires and Tubes,3.0,121.67,195.666667,365.0,587.0,222.0,73.99666699999999
833,833,08/14/15,2015.0,August,46.0,F,Germany,Hessen,Accessories,Tires and Tubes,1.0,522.0,667.0,522.0,667.0,145.0,145.0
834,834,08/14/15,2015.0,August,46.0,F,Germany,Hessen,Accessories,Tires and Tubes,1.0,150.0,195.0,150.0,195.0,45.0,45.0
835,835,09/03/15,2015.0,September,46.0,F,Germany,Hessen,Accessories,Tires and Tubes,3.0,116.67,162.0,350.0,486.0,136.0,45.33
836,836,09/03/15,2015.0,September,46.0,F,Germany,Hessen,Accessories,Tires and Tubes,1.0,20.0,27.0,20.0,27.0,7.0,7.0
837,837,09/27/15,2015.0,September,46.0,F,Germany,Hessen,Accessories,Tires and Tubes,1.0,55.0,73.0,55.0,73.0,18.0,18.0
838,838,09/27/15,2015.0,September,46.0,F,Germany,Hessen,Accessories,Tires and Tubes,3.0,5.33,7.0,16.0,21.0,5.0,1.67
839,839,12/10/15,2015.0,December,46.0,F,Germany,Hessen,Accessories,Tires and Tubes,1.0,780.0,1037.0,780.0,1037.0,257.0,257.0
840,840,12/10/15,2015.0,December,46.0,F,Germany,Hessen,Accessories,Tires and Tubes,3.0,26.67,36.666667,80.0,110.0,30.0,9.996666999999995
841,841,10/02/15,2015.0,October,45.0,F,Germany,Hamburg,Clothing,Jerseys,3.0,72.0,102.333333,216.0,307.0,91.0,30.333332999999996
842,842,12/25/15,2015.0,December,45.0,M,Germany,Saarland,Clothing,Jerseys,3.0,486.0,674.0,1458.0,2022.0,564.0,188.0
843,843,02/19/16,2016.0,February,29.0,F,France,Yveline,Bikes,Mountain Bikes,2.0,384.5,497.5,769.0,995.0,226.0,113.0
844,844,05/21/15,2015.0,May,29.0,F,France,Yveline,Bikes,Mountain Bikes,3.0,683.0,572.333333,2049.0,1717.0,-332.0,-110.66666699999996
845,845,08/01/15,2015.0,August,29.0,F,France,Yveline,Bikes,Mountain Bikes,3.0,773.33,820.0,2320.0,2460.0,140.0,46.66999999999996
846,846,08/01/15,2015.0,August,29.0,F,France,Yveline,Accessories,Tires and Tubes,3.0,25.0,20.0,75.0,60.0,-15.0,-5.0
847,847,08/01/15,2015.0,August,29.0,F,France,Yveline,Accessories,Tires and Tubes,1.0,980.0,1221.0,980.0,1221.0,241.0,241.0
848,848,08/01/15,2015.0,August,29.0,F,France,Yveline,Accessories,Helmets,3.0,23.33,23.666667,70.0,71.0,1.0,0.33666700000000205
849,849,02/24/16,2016.0,February,29.0,M,France,Seine (Paris),Accessories,Helmets,2.0,262.5,336.0,525.0,672.0,147.0,73.5
850,850,03/10/16,2016.0,March,29.0,M,France,Seine (Paris),Accessories,Tires and Tubes,2.0,40.0,50.5,80.0,101.0,21.0,10.5
851,851,03/10/16,2016.0,March,29.0,M,France,Seine (Paris),Accessories,Tires and Tubes,1.0,75.0,92.0,75.0,92.0,17.0,17.0
852,852,03/10/16,2016.0,March,29.0,M,France,Seine (Paris),Accessories,Tires and Tubes,1.0,60.0,83.0,60.0,83.0,23.0,23.0
853,853,06/05/16,2016.0,June,29.0,M,France,Seine (Paris),Accessories,Tires and Tubes,3.0,183.67,266.0,551.0,798.0,247.0,82.33000000000001
854,854,06/05/16,2016.0,June,29.0,M,France,Seine (Paris),Accessories,Tires and Tubes,1.0,27.0,31.0,27.0,31.0,4.0,4.0
855,855,07/14/15,2015.0,July,29.0,M,France,Seine (Paris),Accessories,Helmets,3.0,233.33,325.333333,700.0,976.0,276.0,92.00333299999997
856,856,08/08/15,2015.0,August,29.0,M,France,Seine (Paris),Accessories,Tires and Tubes,2.0,192.5,167.5,385.0,335.0,-50.0,-25.0
857,857,08/08/15,2015.0,August,29.0,M,France,Seine (Paris),Accessories,Helmets,3.0,291.67,328.666667,875.0,986.0,111.0,36.996667
858,858,08/18/15,2015.0,August,29.0,M,France,Seine (Paris),Accessories,Helmets,1.0,490.0,712.0,490.0,712.0,222.0,222.0
859,859,11/13/15,2015.0,November,29.0,M,France,Seine (Paris),Accessories,Tires and Tubes,3.0,96.67,122.333333,290.0,367.0,77.0,25.663332999999994
860,860,11/13/15,2015.0,November,29.0,M,France,Seine (Paris),Accessories,Tires and Tubes,3.0,43.33,60.0,130.0,180.0,50.0,16.67
861,861,11/13/15,2015.0,November,29.0,M,France,Seine (Paris),Accessories,Tires and Tubes,2.0,18.5,18.5,37.0,37.0,0.0,0.0
862,862,12/30/15,2015.0,December,29.0,M,France,Seine (Paris),Accessories,Helmets,2.0,402.5,450.0,805.0,900.0,95.0,47.5
863,863,02/05/16,2016.0,February,43.0,M,Germany,Bayern,Clothing,Gloves,1.0,245.0,403.0,245.0,403.0,158.0,158.0
864,864,04/13/16,2016.0,April,43.0,F,Germany,Bayern,Bikes,Touring Bikes,3.0,794.67,948.0,2384.0,2844.0,460.0,153.33000000000004
865,865,04/13/16,2016.0,April,43.0,F,Germany,Bayern,Clothing,Caps,3.0,54.0,76.333333,162.0,229.0,67.0,22.333332999999996
866,866,04/20/16,2016.0,April,43.0,F,Germany,Bayern,Accessories,Helmets,3.0,210.0,306.333333,630.0,919.0,289.0,96.33333299999998
867,867,08/12/15,2015.0,August,43.0,F,Germany,Bayern,Bikes,Mountain Bikes,2.0,1147.5,1352.5,2295.0,2705.0,410.0,205.0
868,868,08/12/15,2015.0,August,43.0,F,Germany,Bayern,Accessories,Bottles and Cages,2.0,10.0,14.0,20.0,28.0,8.0,4.0
869,869,08/12/15,2015.0,August,43.0,F,Germany,Bayern,Accessories,Bottles and Cages,2.0,10.0,14.0,20.0,28.0,8.0,4.0
870,870,08/12/15,2015.0,August,43.0,F,Germany,Bayern,Accessories,Helmets,3.0,326.67,401.666667,980.0,1205.0,225.0,74.996667
871,871,10/11/15,2015.0,October,43.0,F,Germany,Bayern,Bikes,Road Bikes,2.0,850.5,877.5,1701.0,1755.0,54.0,27.0
872,872,10/11/15,2015.0,October,43.0,F,Germany,Bayern,Accessories,Helmets,3.0,350.0,472.0,1050.0,1416.0,366.0,122.0
873,873,10/11/15,2015.0,October,43.0,F,Germany,Bayern,Clothing,Caps,1.0,135.0,169.0,135.0,169.0,34.0,34.0
874,874,10/21/15,2015.0,October,43.0,F,Germany,Bayern,Bikes,Road Bikes,1.0,2443.0,2927.0,2443.0,2927.0,484.0,484.0
875,875,02/01/16,2016.0,February,43.0,F,United Kingdom,England,Bikes,Touring Bikes,3.0,247.33,264.666667,742.0,794.0,52.0,17.336667000000006
876,876,03/08/16,2016.0,March,43.0,F,United Kingdom,England,Clothing,Vests,1.0,826.0,991.0,826.0,991.0,165.0,165.0
877,877,02/17/16,2016.0,February,53.0,M,Germany,Hessen,Accessories,Bottles and Cages,1.0,140.0,225.0,140.0,225.0,85.0,85.0
878,878,02/17/16,2016.0,February,53.0,M,Germany,Hessen,Accessories,Bottles and Cages,1.0,144.0,195.0,144.0,195.0,51.0,51.0
879,879,05/11/15,2015.0,May,52.0,F,France,Nord,Bikes,Mountain Bikes,2.0,1024.5,1049.0,2049.0,2098.0,49.0,24.5
880,880,08/06/15,2015.0,August,52.0,F,France,Nord,Bikes,Mountain Bikes,1.0,2295.0,1859.0,2295.0,1859.0,-436.0,-436.0
881,881,08/06/15,2015.0,August,52.0,F,France,Nord,Accessories,Helmets,3.0,93.33,139.333333,280.0,418.0,138.0,46.00333300000001
882,882,11/06/15,2015.0,November,52.0,F,France,Nord,Bikes,Road Bikes,1.0,540.0,444.0,540.0,444.0,-96.0,-96.0
883,883,11/06/15,2015.0,November,52.0,F,France,Nord,Accessories,Bottles and Cages,1.0,108.0,97.0,108.0,97.0,-11.0,-11.0
884,884,02/01/16,2016.0,February,52.0,F,France,Seine Saint Denis,Bikes,Road Bikes,3.0,180.0,262.0,540.0,786.0,246.0,82.0
885,885,02/01/16,2016.0,February,52.0,F,France,Seine Saint Denis,Accessories,Bottles and Cages,3.0,3.0,4.666667,9.0,14.0,5.0,1.6666670000000003
886,886,02/18/16,2016.0,February,52.0,F,France,Seine Saint Denis,Bikes,Touring Bikes,1.0,2384.0,1986.0,2384.0,1986.0,-398.0,-398.0
887,887,05/04/16,2016.0,May,52.0,F,France,Seine Saint Denis,Bikes,Touring Bikes,1.0,742.0,808.0,742.0,808.0,66.0,66.0
888,888,05/04/16,2016.0,May,52.0,F,France,Seine Saint Denis,Accessories,Bottles and Cages,3.0,1.67,1.666667,5.0,5.0,0.0,-0.0033330000000000304
889,889,05/04/16,2016.0,May,52.0,F,France,Seine Saint Denis,Accessories,Bottles and Cages,2.0,27.0,43.0,54.0,86.0,32.0,16.0
890,890,06/17/16,2016.0,June,52.0,F,France,Seine Saint Denis,Bikes,Touring Bikes,2.0,1192.0,1041.5,2384.0,2083.0,-301.0,-150.5
891,891,05/08/15,2015.0,May,52.0,F,France,Seine Saint Denis,Bikes,Mountain Bikes,1.0,2049.0,2435.0,2049.0,2435.0,386.0,386.0
892,892,07/15/15,2015.0,July,52.0,F,France,Seine Saint Denis,Bikes,Mountain Bikes,3.0,773.33,497.333333,2320.0,1492.0,-828.0,-275.99666700000006
893,893,12/04/15,2015.0,December,52.0,F,France,Seine Saint Denis,Bikes,Mountain Bikes,2.0,270.0,243.5,540.0,487.0,-53.0,-26.5
894,894,12/04/15,2015.0,December,52.0,F,France,Seine Saint Denis,Accessories,Bottles and Cages,3.0,60.0,50.333333,180.0,151.0,-29.0,-9.666666999999997
895,895,12/04/15,2015.0,December,52.0,F,France,Seine Saint Denis,Clothing,Caps,1.0,171.0,272.0,171.0,272.0,101.0,101.0
896,896,06/19/16,2016.0,June,52.0,M,Germany,Nordrhein-Westfalen,Accessories,Tires and Tubes,3.0,40.0,63.333333,120.0,190.0,70.0,23.333333000000003
897,897,06/19/16,2016.0,June,52.0,M,Germany,Nordrhein-Westfalen,Accessories,Helmets,1.0,700.0,1123.0,700.0,1123.0,423.0,423.0
898,898,06/24/16,2016.0,June,52.0,M,Germany,Nordrhein-Westfalen,Accessories,Helmets,2.0,385.0,633.5,770.0,1267.0,497.0,248.5
899,899,12/13/15,2015.0,December,52.0,M,Germany,Nordrhein-Westfalen,Accessories,Tires and Tubes,1.0,150.0,192.0,150.0,192.0,42.0,42.0
900,900,12/13/15,2015.0,December,52.0,M,Germany,Nordrhein-Westfalen,Accessories,Tires and Tubes,3.0,150.0,200.333333,450.0,601.0,151.0,50.33333300000001
901,901,12/13/15,2015.0,December,52.0,M,Germany,Nordrhein-Westfalen,Accessories,Helmets,1.0,420.0,552.0,420.0,552.0,132.0,132.0
902,902,09/13/15,2015.0,September,52.0,M,United Kingdom,England,Accessories,Bike Stands,3.0,265.0,272.333333,795.0,817.0,22.0,7.333332999999982
903,903,05/06/16,2016.0,May,51.0,M,United Kingdom,England,Bikes,Road Bikes,1.0,540.0,594.0,540.0,594.0,54.0,54.0
904,904,05/06/16,2016.0,May,51.0,M,United Kingdom,England,Clothing,Caps,2.0,108.0,147.5,216.0,295.0,79.0,39.5
905,905,06/30/16,2016.0,June,51.0,M,United Kingdom,England,Clothing,Caps,1.0,261.0,288.0,261.0,288.0,27.0,27.0
906,906,06/12/15,2015.0,June,51.0,M,United Kingdom,England,Bikes,Road Bikes,1.0,2443.0,2205.0,2443.0,2205.0,-238.0,-238.0
907,907,06/27/15,2015.0,June,51.0,M,United Kingdom,England,Bikes,Road Bikes,3.0,814.33,776.0,2443.0,2328.0,-115.0,-38.33000000000004
908,908,08/12/15,2015.0,August,51.0,M,United Kingdom,England,Bikes,Road Bikes,3.0,814.33,743.333333,2443.0,2230.0,-213.0,-70.996667
909,909,04/22/16,2016.0,April,43.0,F,Germany,Hamburg,Bikes,Touring Bikes,3.0,794.67,931.333333,2384.0,2794.0,410.0,136.66333300000008
910,910,04/22/16,2016.0,April,43.0,F,Germany,Hamburg,Clothing,Caps,1.0,162.0,239.0,162.0,239.0,77.0,77.0
911,911,07/21/15,2015.0,July,43.0,F,Germany,Hamburg,Bikes,Road Bikes,2.0,270.0,281.5,540.0,563.0,23.0,11.5
912,912,08/28/15,2015.0,August,43.0,F,Germany,Hamburg,Bikes,Mountain Bikes,3.0,765.0,919.0,2295.0,2757.0,462.0,154.0
913,913,12/28/15,2015.0,December,43.0,F,Germany,Hamburg,Bikes,Road Bikes,3.0,567.0,661.333333,1701.0,1984.0,283.0,94.33333300000004
914,914,12/28/15,2015.0,December,43.0,F,Germany,Hamburg,Accessories,Hydration Packs,2.0,302.5,429.0,605.0,858.0,253.0,126.5
915,915,01/02/16,2016.0,January,44.0,F,Germany,Saarland,Clothing,Caps,2.0,103.5,130.0,207.0,260.0,53.0,26.5
916,916,02/20/16,2016.0,February,44.0,F,Germany,Saarland,Clothing,Caps,2.0,54.0,86.5,108.0,173.0,65.0,32.5
917,917,08/12/15,2015.0,August,44.0,F,Germany,Saarland,Clothing,Caps,1.0,234.0,287.0,234.0,287.0,53.0,53.0
918,918,09/14/15,2015.0,September,44.0,F,Germany,Saarland,Clothing,Caps,1.0,207.0,267.0,207.0,267.0,60.0,60.0
919,919,10/23/15,2015.0,October,44.0,F,Germany,Saarland,Clothing,Caps,2.0,90.0,125.5,180.0,251.0,71.0,35.5
920,920,04/22/16,2016.0,April,44.0,F,Germany,Saarland,Bikes,Touring Bikes,1.0,2384.0,3161.0,2384.0,3161.0,777.0,777.0
921,921,04/24/16,2016.0,April,44.0,F,Germany,Saarland,Bikes,Touring Bikes,3.0,794.67,1061.333333,2384.0,3184.0,800.0,266.6633330000001
922,922,03/12/16,2016.0,March,45.0,M,France,Hauts de Seine,Bikes,Touring Bikes,2.0,1192.0,1840.5,2384.0,3681.0,1297.0,648.5
923,923,03/12/16,2016.0,March,45.0,M,France,Hauts de Seine,Accessories,Bottles and Cages,2.0,47.5,49.5,95.0,99.0,4.0,2.0
924,924,03/12/16,2016.0,March,45.0,M,France,Hauts de Seine,Accessories,Bottles and Cages,3.0,24.0,22.333333,72.0,67.0,-5.0,-1.6666670000000003
925,925,03/12/16,2016.0,March,45.0,M,France,Hauts de Seine,Accessories,Helmets,1.0,945.0,1351.0,945.0,1351.0,406.0,406.0
926,926,06/03/16,2016.0,June,45.0,M,France,Hauts de Seine,Bikes,Road Bikes,1.0,540.0,701.0,540.0,701.0,161.0,161.0
927,927,06/03/16,2016.0,June,45.0,M,France,Hauts de Seine,Accessories,Bottles and Cages,2.0,121.5,209.5,243.0,419.0,176.0,88.0
928,928,06/03/16,2016.0,June,45.0,M,France,Hauts de Seine,Accessories,Bottles and Cages,1.0,150.0,152.0,150.0,152.0,2.0,2.0
929,929,06/03/16,2016.0,June,45.0,M,France,Hauts de Seine,Accessories,Helmets,2.0,315.0,499.0,630.0,998.0,368.0,184.0
930,930,06/21/16,2016.0,June,45.0,M,France,Hauts de Seine,Bikes,Mountain Bikes,3.0,188.33,173.0,565.0,519.0,-46.0,-15.330000000000013
931,931,06/21/16,2016.0,June,45.0,M,France,Hauts de Seine,Clothing,Jerseys,1.0,1458.0,1509.0,1458.0,1509.0,51.0,51.0
932,932,06/26/16,2016.0,June,45.0,M,France,Hauts de Seine,Bikes,Touring Bikes,2.0,1192.0,1283.5,2384.0,2567.0,183.0,91.5
933,933,06/26/16,2016.0,June,45.0,M,France,Hauts de Seine,Accessories,Tires and Tubes,2.0,275.5,417.5,551.0,835.0,284.0,142.0
934,934,06/26/16,2016.0,June,45.0,M,France,Hauts de Seine,Accessories,Tires and Tubes,1.0,10.0,14.0,10.0,14.0,4.0,4.0
935,935,06/26/16,2016.0,June,45.0,M,France,Hauts de Seine,Accessories,Cleaners,1.0,80.0,72.0,80.0,72.0,-8.0,-8.0
936,936,06/17/15,2015.0,June,45.0,M,France,Hauts de Seine,Bikes,Mountain Bikes,3.0,690.33,795.333333,2071.0,2386.0,315.0,105.003333
937,937,08/29/15,2015.0,August,45.0,M,France,Hauts de Seine,Bikes,Mountain Bikes,2.0,1147.5,1354.5,2295.0,2709.0,414.0,207.0
938,938,08/29/15,2015.0,August,45.0,M,France,Hauts de Seine,Accessories,Helmets,2.0,402.5,476.0,805.0,952.0,147.0,73.5
939,939,09/20/15,2015.0,September,45.0,F,Germany,Nordrhein-Westfalen,Accessories,Helmets,1.0,770.0,1032.0,770.0,1032.0,262.0,262.0
940,940,09/20/15,2015.0,September,45.0,F,Germany,Nordrhein-Westfalen,Clothing,Jerseys,3.0,50.0,66.666667,150.0,200.0,50.0,16.666667000000004
941,941,03/30/16,2016.0,March,45.0,M,Germany,Bayern,Bikes,Road Bikes,1.0,1701.0,2113.0,1701.0,2113.0,412.0,412.0
942,942,03/30/16,2016.0,March,45.0,M,Germany,Bayern,Accessories,Bottles and Cages,3.0,15.0,21.333333,45.0,64.0,19.0,6.333333
943,943,03/30/16,2016.0,March,45.0,M,Germany,Bayern,Accessories,Bottles and Cages,2.0,72.0,112.0,144.0,224.0,80.0,40.0
944,944,03/30/16,2016.0,March,45.0,M,Germany,Bayern,Accessories,Helmets,3.0,128.33,212.0,385.0,636.0,251.0,83.66999999999999
945,945,04/02/16,2016.0,April,45.0,M,Germany,Bayern,Bikes,Touring Bikes,1.0,2384.0,3455.0,2384.0,3455.0,1071.0,1071.0
946,946,04/02/16,2016.0,April,45.0,M,Germany,Bayern,Accessories,Bottles and Cages,3.0,48.33,77.0,145.0,231.0,86.0,28.67
947,947,04/02/16,2016.0,April,45.0,M,Germany,Bayern,Accessories,Bottles and Cages,1.0,27.0,39.0,27.0,39.0,12.0,12.0
948,948,09/11/15,2015.0,September,45.0,M,Germany,Bayern,Bikes,Mountain Bikes,3.0,765.0,967.0,2295.0,2901.0,606.0,202.0
949,949,09/11/15,2015.0,September,45.0,M,Germany,Bayern,Accessories,Tires and Tubes,3.0,175.0,246.333333,525.0,739.0,214.0,71.33333300000001
950,950,09/11/15,2015.0,September,45.0,M,Germany,Bayern,Accessories,Helmets,2.0,35.0,45.0,70.0,90.0,20.0,10.0
951,951,03/11/16,2016.0,March,46.0,F,France,Seine et Marne,Bikes,Touring Bikes,3.0,794.67,918.0,2384.0,2754.0,370.0,123.33000000000004
952,952,03/11/16,2016.0,March,46.0,F,France,Seine et Marne,Accessories,Helmets,1.0,35.0,54.0,35.0,54.0,19.0,19.0
953,953,03/11/16,2016.0,March,46.0,F,France,Seine et Marne,Clothing,Jerseys,1.0,1050.0,826.0,1050.0,826.0,-224.0,-224.0
954,954,06/01/16,2016.0,June,46.0,F,France,Seine et Marne,Bikes,Road Bikes,2.0,270.0,283.5,540.0,567.0,27.0,13.5
955,955,06/01/16,2016.0,June,46.0,F,France,Seine et Marne,Accessories,Bottles and Cages,2.0,76.5,73.0,153.0,146.0,-7.0,-3.5
956,956,06/01/16,2016.0,June,46.0,F,France,Seine et Marne,Accessories,Bottles and Cages,1.0,65.0,112.0,65.0,112.0,47.0,47.0
957,957,06/27/16,2016.0,June,46.0,F,France,Seine et Marne,Bikes,Mountain Bikes,3.0,188.33,287.333333,565.0,862.0,297.0,99.00333299999997
958,958,06/27/16,2016.0,June,46.0,F,France,Seine et Marne,Accessories,Fenders,2.0,253.0,235.5,506.0,471.0,-35.0,-17.5
959,959,06/27/16,2016.0,June,46.0,F,France,Seine et Marne,Accessories,Helmets,2.0,472.5,556.5,945.0,1113.0,168.0,84.0
960,960,06/13/15,2015.0,June,46.0,F,France,Seine et Marne,Bikes,Mountain Bikes,2.0,1035.5,1123.5,2071.0,2247.0,176.0,88.0
961,961,08/16/15,2015.0,August,46.0,F,France,Seine et Marne,Bikes,Mountain Bikes,1.0,2320.0,1620.0,2320.0,1620.0,-700.0,-700.0
962,962,08/16/15,2015.0,August,46.0,F,France,Seine et Marne,Accessories,Bottles and Cages,2.0,130.0,107.0,260.0,214.0,-46.0,-23.0
963,963,11/04/15,2015.0,November,46.0,F,France,Seine et Marne,Bikes,Touring Bikes,2.0,607.5,760.0,1215.0,1520.0,305.0,152.5
964,964,11/04/15,2015.0,November,46.0,F,France,Seine et Marne,Accessories,Tires and Tubes,2.0,42.5,50.5,85.0,101.0,16.0,8.0
965,965,11/04/15,2015.0,November,46.0,F,France,Seine et Marne,Accessories,Tires and Tubes,2.0,232.0,247.0,464.0,494.0,30.0,15.0
966,966,11/04/15,2015.0,November,46.0,F,France,Seine et Marne,Accessories,Helmets,2.0,525.0,653.5,1050.0,1307.0,257.0,128.5
967,967,01/29/16,2016.0,January,46.0,M,France,Seine Saint Denis,Bikes,Touring Bikes,2.0,607.5,642.0,1215.0,1284.0,69.0,34.5
968,968,01/29/16,2016.0,January,46.0,M,France,Seine Saint Denis,Clothing,Jerseys,3.0,396.0,497.666667,1188.0,1493.0,305.0,101.66666700000002
969,969,02/16/16,2016.0,February,46.0,M,France,Seine Saint Denis,Bikes,Road Bikes,3.0,814.33,895.666667,2443.0,2687.0,244.0,81.33666699999992
970,970,03/17/16,2016.0,March,46.0,M,France,Seine Saint Denis,Bikes,Touring Bikes,2.0,1192.0,1617.0,2384.0,3234.0,850.0,425.0
971,971,06/05/15,2015.0,June,46.0,M,France,Seine Saint Denis,Bikes,Mountain Bikes,1.0,2049.0,1555.0,2049.0,1555.0,-494.0,-494.0
972,972,07/05/15,2015.0,July,46.0,M,France,Seine Saint Denis,Bikes,Touring Bikes,2.0,1192.0,1342.5,2384.0,2685.0,301.0,150.5
973,973,07/05/15,2015.0,July,46.0,M,France,Seine Saint Denis,Accessories,Bottles and Cages,1.0,144.0,192.0,144.0,192.0,48.0,48.0
974,974,07/05/15,2015.0,July,46.0,M,France,Seine Saint Denis,Accessories,Bottles and Cages,1.0,45.0,46.0,45.0,46.0,1.0,1.0
975,975,07/05/15,2015.0,July,46.0,M,France,Seine Saint Denis,Accessories,Helmets,2.0,490.0,517.5,980.0,1035.0,55.0,27.5
976,976,07/05/15,2015.0,July,46.0,M,France,Seine Saint Denis,Clothing,Caps,2.0,4.5,5.0,9.0,10.0,1.0,0.5
977,977,07/05/15,2015.0,July,46.0,M,France,Seine Saint Denis,Bikes,Road Bikes,1.0,2443.0,2516.0,2443.0,2516.0,73.0,73.0
978,978,09/29/15,2015.0,September,46.0,M,France,Seine Saint Denis,Bikes,Mountain Bikes,1.0,2320.0,1812.0,2320.0,1812.0,-508.0,-508.0
979,979,12/02/15,2015.0,December,46.0,M,France,Seine Saint Denis,Bikes,Touring Bikes,2.0,1192.0,1039.0,2384.0,2078.0,-306.0,-153.0
980,980,12/02/15,2015.0,December,46.0,M,France,Seine Saint Denis,Accessories,Helmets,3.0,128.33,128.0,385.0,384.0,-1.0,-0.3300000000000125
981,981,12/31/15,2015.0,December,46.0,M,France,Seine Saint Denis,Bikes,Mountain Bikes,3.0,765.0,898.666667,2295.0,2696.0,401.0,133.66666699999996
982,982,12/31/15,2015.0,December,46.0,M,France,Seine Saint Denis,Accessories,Bottles and Cages,1.0,50.0,69.0,50.0,69.0,19.0,19.0
983,983,12/31/15,2015.0,December,46.0,M,France,Seine Saint Denis,Accessories,Bottles and Cages,3.0,16.67,23.333333,50.0,70.0,20.0,6.663332999999998
984,984,03/29/16,2016.0,March,47.0,F,United Kingdom,England,Clothing,Jerseys,2.0,250.0,313.5,500.0,627.0,127.0,63.5
985,985,03/30/16,2016.0,March,47.0,F,United Kingdom,England,Clothing,Jerseys,2.0,700.0,952.5,1400.0,1905.0,505.0,252.5
986,986,05/26/16,2016.0,May,47.0,F,United Kingdom,England,Clothing,Jerseys,2.0,450.0,524.5,900.0,1049.0,149.0,74.5
987,987,09/23/15,2015.0,September,47.0,F,United Kingdom,England,Clothing,Jerseys,3.0,283.33,273.666667,850.0,821.0,-29.0,-9.663332999999966
988,988,10/15/15,2015.0,October,47.0,F,United Kingdom,England,Clothing,Jerseys,1.0,1566.0,1719.0,1566.0,1719.0,153.0,153.0
989,989,10/30/15,2015.0,October,47.0,F,United Kingdom,England,Clothing,Jerseys,3.0,18.0,21.0,54.0,63.0,9.0,3.0
990,990,11/23/15,2015.0,November,47.0,F,United Kingdom,England,Clothing,Jerseys,2.0,513.0,608.0,1026.0,1216.0,190.0,95.0
991,991,06/21/16,2016.0,June,48.0,M,France,Nord,Clothing,Jerseys,1.0,540.0,691.0,540.0,691.0,151.0,151.0
992,992,05/27/16,2016.0,May,48.0,F,Germany,Nordrhein-Westfalen,Accessories,Helmets,3.0,116.67,173.666667,350.0,521.0,171.0,56.99666699999999
993,993,08/09/15,2015.0,August,48.0,F,Germany,Nordrhein-Westfalen,Accessories,Helmets,2.0,105.0,142.5,210.0,285.0,75.0,37.5
994,994,02/24/16,2016.0,February,49.0,F,France,Hauts de Seine,Bikes,Touring Bikes,1.0,2384.0,1696.0,2384.0,1696.0,-688.0,-688.0
995,995,03/31/16,2016.0,March,49.0,F,France,Hauts de Seine,Bikes,Road Bikes,3.0,814.33,946.0,2443.0,2838.0,395.0,131.66999999999996
996,996,04/22/16,2016.0,April,49.0,F,France,Hauts de Seine,Bikes,Touring Bikes,3.0,794.67,1115.0,2384.0,3345.0,961.0,320.33000000000004
997,997,06/02/15,2015.0,June,49.0,F,France,Hauts de Seine,Bikes,Mountain Bikes,2.0,1035.5,1368.5,2071.0,2737.0,666.0,333.0
998,998,07/11/15,2015.0,July,49.0,F,France,Hauts de Seine,Bikes,Road Bikes,1.0,2443.0,3095.0,2443.0,3095.0,652.0,652.0
999,999,07/26/15,2015.0,July,49.0,F,France,Hauts de Seine,Bikes,Touring Bikes,1.0,2384.0,2615.0,2384.0,2615.0,231.0,231.0
1000,1000,09/09/15,2015.0,September,49.0,F,France,Hauts de Seine,Bikes,Touring Bikes,2.0,371.0,498.5,742.0,997.0,255.0,127.5
1001,1001,09/17/15,2015.0,September,49.0,F,France,Hauts de Seine,Bikes,Mountain Bikes,2.0,1147.5,788.0,2295.0,1576.0,-719.0,-359.5
1002,1002,12/08/15,2015.0,December,49.0,F,France,Hauts de Seine,Bikes,Mountain Bikes,2.0,1160.0,1207.0,2320.0,2414.0,94.0,47.0
1003,1003,09/28/15,2015.0,September,50.0,M,France,Nord,Clothing,Jerseys,1.0,648.0,868.0,648.0,868.0,220.0,220.0
1004,1004,08/25/15,2015.0,August,24.0,M,Germany,Saarland,Bikes,Mountain Bikes,3.0,765.0,828.666667,2295.0,2486.0,191.0,63.66666699999996
1005,1005,11/18/15,2015.0,November,24.0,F,France,Yveline,Clothing,Jerseys,3.0,504.0,562.0,1512.0,1686.0,174.0,58.0
1006,1006,12/04/15,2015.0,December,17.0,F,France,Seine Saint Denis,Clothing,Caps,3.0,48.0,70.0,144.0,210.0,66.0,22.0
1007,1007,12/04/15,2015.0,December,17.0,F,France,Seine Saint Denis,Clothing,Jerseys,1.0,54.0,50.0,54.0,50.0,-4.0,-4.0
1008,1008,12/31/15,2015.0,December,17.0,F,France,Seine Saint Denis,Clothing,Jerseys,2.0,100.0,127.5,200.0,255.0,55.0,27.5
1009,1009,03/29/16,2016.0,March,17.0,M,United Kingdom,England,Clothing,Gloves,3.0,24.33,29.0,73.0,87.0,14.0,4.670000000000002
1010,1010,01/14/16,2016.0,January,24.0,M,Germany,Hessen,Accessories,Helmets,1.0,210.0,292.0,210.0,292.0,82.0,82.0
1011,1011,01/18/16,2016.0,January,24.0,M,Germany,Hessen,Accessories,Helmets,2.0,455.0,750.0,910.0,1500.0,590.0,295.0
1012,1012,03/28/16,2016.0,March,24.0,M,Germany,Hessen,Accessories,Helmets,2.0,297.5,476.5,595.0,953.0,358.0,179.0
1013,1013,04/06/16,2016.0,April,24.0,M,Germany,Hessen,Accessories,Helmets,3.0,81.67,132.333333,245.0,397.0,152.0,50.66333300000001
1014,1014,05/12/16,2016.0,May,24.0,M,Germany,Hessen,Accessories,Helmets,3.0,326.67,479.0,980.0,1437.0,457.0,152.32999999999998
1015,1015,09/07/15,2015.0,September,24.0,M,Germany,Hessen,Accessories,Helmets,3.0,326.67,432.333333,980.0,1297.0,317.0,105.66333299999997
1016,1016,09/23/15,2015.0,September,24.0,M,Germany,Hessen,Accessories,Helmets,3.0,46.67,66.333333,140.0,199.0,59.0,19.663332999999994
1017,1017,12/28/15,2015.0,December,24.0,M,Germany,Hessen,Accessories,Helmets,1.0,70.0,90.0,70.0,90.0,20.0,20.0
1018,1018,06/08/15,2015.0,June,24.0,M,France,Loir et Cher,Bikes,Mountain Bikes,1.0,2071.0,2211.0,2071.0,2211.0,140.0,140.0
1019,1019,08/26/15,2015.0,August,24.0,M,France,Loir et Cher,Bikes,Mountain Bikes,3.0,765.0,669.333333,2295.0,2008.0,-287.0,-95.66666699999996
1020,1020,08/26/15,2015.0,August,24.0,M,France,Loir et Cher,Accessories,Tires and Tubes,2.0,315.0,297.5,630.0,595.0,-35.0,-17.5
1021,1021,08/26/15,2015.0,August,24.0,M,France,Loir et Cher,Accessories,Tires and Tubes,1.0,30.0,38.0,30.0,38.0,8.0,8.0
1022,1022,08/26/15,2015.0,August,24.0,M,France,Loir et Cher,Accessories,Tires and Tubes,1.0,69.0,71.0,69.0,71.0,2.0,2.0
1023,1023,08/26/15,2015.0,August,24.0,M,France,Loir et Cher,Accessories,Cleaners,1.0,80.0,111.0,80.0,111.0,31.0,31.0
1024,1024,11/25/15,2015.0,November,24.0,M,France,Loir et Cher,Bikes,Road Bikes,1.0,540.0,563.0,540.0,563.0,23.0,23.0
1025,1025,11/25/15,2015.0,November,24.0,M,France,Loir et Cher,Accessories,Bottles and Cages,2.0,7.5,10.0,15.0,20.0,5.0,2.5
1026,1026,11/25/15,2015.0,November,24.0,M,France,Loir et Cher,Accessories,Bottles and Cages,3.0,81.0,76.0,243.0,228.0,-15.0,-5.0
1027,1027,01/26/16,2016.0,January,24.0,F,France,Seine Saint Denis,Bikes,Road Bikes,3.0,180.0,256.666667,540.0,770.0,230.0,76.66666700000002
1028,1028,01/26/16,2016.0,January,24.0,F,France,Seine Saint Denis,Accessories,Bottles and Cages,3.0,42.0,43.0,126.0,129.0,3.0,1.0
1029,1029,01/26/16,2016.0,January,24.0,F,France,Seine Saint Denis,Accessories,Bottles and Cages,2.0,32.5,51.0,65.0,102.0,37.0,18.5
1030,1030,08/10/15,2015.0,August,24.0,F,France,Seine Saint Denis,Accessories,Bottles and Cages,2.0,37.5,36.0,75.0,72.0,-3.0,-1.5
1031,1031,08/10/15,2015.0,August,24.0,F,France,Seine Saint Denis,Accessories,Bottles and Cages,2.0,100.0,111.0,200.0,222.0,22.0,11.0
1032,1032,07/20/15,2015.0,July,25.0,M,Germany,Saarland,Bikes,Mountain Bikes,3.0,765.0,937.666667,2295.0,2813.0,518.0,172.66666699999996
1033,1033,05/27/16,2016.0,May,26.0,F,Germany,Bayern,Accessories,Helmets,3.0,128.33,202.0,385.0,606.0,221.0,73.66999999999999
1034,1034,06/17/16,2016.0,June,26.0,F,France,Nord,Clothing,Jerseys,1.0,1350.0,1633.0,1350.0,1633.0,283.0,283.0
1035,1035,08/07/15,2015.0,August,26.0,F,France,Nord,Clothing,Jerseys,1.0,1050.0,1267.0,1050.0,1267.0,217.0,217.0
1036,1036,08/08/15,2015.0,August,26.0,F,France,Nord,Clothing,Jerseys,2.0,486.0,629.0,972.0,1258.0,286.0,143.0
1037,1037,08/19/15,2015.0,August,26.0,F,France,Nord,Clothing,Jerseys,1.0,486.0,334.0,486.0,334.0,-152.0,-152.0
1038,1038,10/06/15,2015.0,October,26.0,M,France,Hauts de Seine,Clothing,Jerseys,3.0,414.0,323.333333,1242.0,970.0,-272.0,-90.66666700000002
1039,1039,08/23/15,2015.0,August,26.0,M,Germany,Brandenburg,Bikes,Mountain Bikes,1.0,2320.0,2344.0,2320.0,2344.0,24.0,24.0
1040,1040,08/23/15,2015.0,August,26.0,M,Germany,Brandenburg,Accessories,Helmets,3.0,198.33,272.666667,595.0,818.0,223.0,74.336667
1041,1041,02/17/16,2016.0,February,23.0,M,United States,California,Accessories,Cleaners,2.0,71.5,87.0,143.0,174.0,31.0,15.5
1042,1042,06/03/16,2016.0,June,23.0,M,United States,California,Accessories,Cleaners,3.0,53.0,72.333333,159.0,217.0,58.0,19.333332999999996
1043,1043,10/08/15,2015.0,October,23.0,M,United States,California,Accessories,Cleaners,1.0,175.0,190.0,175.0,190.0,15.0,15.0
1044,1044,06/10/16,2016.0,June,67.0,M,United States,California,Accessories,Tires and Tubes,3.0,13.67,17.333333,41.0,52.0,11.0,3.6633329999999997
1045,1045,11/27/15,2015.0,November,67.0,M,United States,California,Accessories,Tires and Tubes,2.0,490.0,518.5,980.0,1037.0,57.0,28.5
1046,1046,11/02/15,2015.0,November,66.0,F,United States,California,Accessories,Tires and Tubes,1.0,27.0,30.0,27.0,30.0,3.0,3.0
1047,1047,11/04/15,2015.0,November,66.0,F,United States,California,Accessories,Tires and Tubes,1.0,70.0,81.0,70.0,81.0,11.0,11.0
1048,1048,11/04/15,2015.0,November,66.0,F,United States,California,Accessories,Tires and Tubes,3.0,23.33,26.333333,70.0,79.0,9.0,3.0033330000000014
1049,1049,11/04/15,2015.0,November,66.0,F,United States,California,Accessories,Tires and Tubes,3.0,14.67,14.333333,44.0,43.0,-1.0,-0.33666700000000027
1050,1050,01/30/16,2016.0,January,44.0,F,United States,California,Accessories,Bike Stands,3.0,530.0,592.666667,1590.0,1778.0,188.0,62.66666699999996
1051,1051,04/29/16,2016.0,April,42.0,M,United States,Oregon,Accessories,Cleaners,3.0,29.0,38.333333,87.0,115.0,28.0,9.333333000000003
1052,1052,07/13/16,2016.0,July,40.0,F,United States,Alabama,Accessories,Tires and Tubes,3.0,315.0,385.0,945.0,1155.0,210.0,70.0
1053,1053,11/15/15,2015.0,November,40.0,F,United States,Alabama,Accessories,Tires and Tubes,3.0,19.0,19.666667,57.0,59.0,2.0,0.6666670000000003
1054,1054,04/08/15,2015.0,April,39.0,M,United States,Oregon,Bikes,Mountain Bikes,3.0,683.0,707.666667,2049.0,2123.0,74.0,24.66666699999996
1055,1055,09/16/15,2015.0,September,39.0,M,United States,Oregon,Bikes,Mountain Bikes,2.0,1147.5,1002.0,2295.0,2004.0,-291.0,-145.5
1056,1056,09/16/15,2015.0,September,39.0,M,United States,Oregon,Clothing,Socks,1.0,225.0,216.0,225.0,216.0,-9.0,-9.0
1057,1057,02/11/16,2016.0,February,29.0,F,France,Seine (Paris),Clothing,Jerseys,2.0,525.0,610.0,1050.0,1220.0,170.0,85.0
1058,1058,03/20/16,2016.0,March,29.0,F,France,Seine (Paris),Clothing,Jerseys,2.0,162.0,188.5,324.0,377.0,53.0,26.5
1059,1059,06/23/16,2016.0,June,29.0,F,France,Seine (Paris),Clothing,Jerseys,3.0,126.0,183.0,378.0,549.0,171.0,57.0
1060,1060,12/07/15,2015.0,December,29.0,F,France,Seine (Paris),Clothing,Jerseys,1.0,300.0,230.0,300.0,230.0,-70.0,-70.0
1061,1061,01/14/16,2016.0,January,29.0,M,France,Seine (Paris),Clothing,Jerseys,2.0,783.0,886.0,1566.0,1772.0,206.0,103.0
1062,1062,08/08/15,2015.0,August,29.0,M,France,Seine (Paris),Clothing,Jerseys,1.0,500.0,543.0,500.0,543.0,43.0,43.0
1063,1063,09/02/15,2015.0,September,29.0,M,France,Seine (Paris),Clothing,Jerseys,2.0,300.0,276.0,600.0,552.0,-48.0,-24.0
1064,1064,09/13/15,2015.0,September,29.0,F,France,Nord,Clothing,Jerseys,3.0,54.0,49.0,162.0,147.0,-15.0,-5.0
1065,1065,09/02/15,2015.0,September,30.0,M,France,Hauts de Seine,Clothing,Jerseys,2.0,432.0,595.5,864.0,1191.0,327.0,163.5
1066,1066,11/09/15,2015.0,November,71.0,F,France,Seine Saint Denis,Accessories,Helmets,1.0,630.0,691.0,630.0,691.0,61.0,61.0
1067,1067,11/09/15,2015.0,November,71.0,F,United Kingdom,England,Accessories,Helmets,3.0,128.33,139.666667,385.0,419.0,34.0,11.336666999999977
1068,1068,01/01/16,2016.0,January,30.0,F,United Kingdom,England,Clothing,Jerseys,1.0,216.0,243.0,216.0,243.0,27.0,27.0
1069,1069,03/01/16,2016.0,March,30.0,F,United Kingdom,England,Clothing,Jerseys,3.0,116.67,159.0,350.0,477.0,127.0,42.33
1070,1070,06/05/16,2016.0,June,30.0,F,United Kingdom,England,Clothing,Jerseys,2.0,243.0,283.0,486.0,566.0,80.0,40.0
1071,1071,08/17/15,2015.0,August,30.0,F,United Kingdom,England,Clothing,Jerseys,1.0,850.0,900.0,850.0,900.0,50.0,50.0
1072,1072,10/21/15,2015.0,October,30.0,F,United Kingdom,England,Clothing,Jerseys,2.0,783.0,873.0,1566.0,1746.0,180.0,90.0
1073,1073,01/21/16,2016.0,January,30.0,F,France,Val d'Oise,Accessories,Tires and Tubes,2.0,36.0,35.5,72.0,71.0,-1.0,-0.5
1074,1074,01/21/16,2016.0,January,30.0,F,France,Val d'Oise,Clothing,Caps,1.0,234.0,309.0,234.0,309.0,75.0,75.0
1075,1075,01/22/16,2016.0,January,30.0,F,France,Val d'Oise,Accessories,Tires and Tubes,2.0,348.0,540.0,696.0,1080.0,384.0,192.0
1076,1076,01/22/16,2016.0,January,30.0,F,France,Val d'Oise,Accessories,Tires and Tubes,3.0,20.0,27.333333,60.0,82.0,22.0,7.333333
1077,1077,01/22/16,2016.0,January,30.0,F,France,Val d'Oise,Accessories,Helmets,1.0,560.0,872.0,560.0,872.0,312.0,312.0
1078,1078,02/21/16,2016.0,February,30.0,F,France,Val d'Oise,Accessories,Tires and Tubes,2.0,52.0,82.0,104.0,164.0,60.0,30.0
1079,1079,02/21/16,2016.0,February,30.0,F,France,Val d'Oise,Accessories,Helmets,2.0,297.5,395.0,595.0,790.0,195.0,97.5
1080,1080,02/21/16,2016.0,February,30.0,F,France,Val d'Oise,Clothing,Caps,1.0,144.0,189.0,144.0,189.0,45.0,45.0
1081,1081,02/21/16,2016.0,February,30.0,F,France,Val d'Oise,Clothing,Jerseys,2.0,175.0,151.0,350.0,302.0,-48.0,-24.0
1082,1082,03/01/16,2016.0,March,30.0,F,France,Val d'Oise,Accessories,Tires and Tubes,1.0,85.0,136.0,85.0,136.0,51.0,51.0
1083,1083,03/01/16,2016.0,March,30.0,F,France,Val d'Oise,Accessories,Helmets,2.0,315.0,316.5,630.0,633.0,3.0,1.5
1084,1084,03/13/16,2016.0,March,30.0,F,France,Val d'Oise,Accessories,Tires and Tubes,2.0,58.0,53.5,116.0,107.0,-9.0,-4.5
1085,1085,04/21/16,2016.0,April,30.0,F,France,Val d'Oise,Accessories,Tires and Tubes,1.0,145.0,214.0,145.0,214.0,69.0,69.0
1086,1086,04/21/16,2016.0,April,30.0,F,France,Val d'Oise,Accessories,Helmets,3.0,326.67,300.333333,980.0,901.0,-79.0,-26.336667000000034
1087,1087,04/21/16,2016.0,April,30.0,F,France,Val d'Oise,Clothing,Caps,2.0,72.0,77.5,144.0,155.0,11.0,5.5
1088,1088,04/25/16,2016.0,April,30.0,F,France,Val d'Oise,Clothing,Gloves,3.0,171.33,295.666667,514.0,887.0,373.0,124.336667
1089,1089,04/25/16,2016.0,April,30.0,F,France,Val d'Oise,Accessories,Tires and Tubes,3.0,5.0,7.666667,15.0,23.0,8.0,2.6666670000000003
1090,1090,04/30/16,2016.0,April,30.0,F,France,Val d'Oise,Accessories,Tires and Tubes,2.0,75.0,96.5,150.0,193.0,43.0,21.5
1091,1091,04/30/16,2016.0,April,30.0,F,France,Val d'Oise,Accessories,Tires and Tubes,1.0,16.0,15.0,16.0,15.0,-1.0,-1.0
1092,1092,05/14/16,2016.0,May,30.0,F,France,Val d'Oise,Accessories,Tires and Tubes,1.0,645.0,794.0,645.0,794.0,149.0,149.0
1093,1093,05/14/16,2016.0,May,30.0,F,France,Val d'Oise,Clothing,Caps,1.0,90.0,101.0,90.0,101.0,11.0,11.0
1094,1094,05/15/16,2016.0,May,30.0,F,France,Val d'Oise,Accessories,Tires and Tubes,1.0,193.0,161.0,193.0,161.0,-32.0,-32.0
1095,1095,05/15/16,2016.0,May,30.0,F,France,Val d'Oise,Accessories,Tires and Tubes,3.0,1.33,2.0,4.0,6.0,2.0,0.6699999999999999
1096,1096,06/07/16,2016.0,June,30.0,F,France,Val d'Oise,Accessories,Tires and Tubes,1.0,116.0,129.0,116.0,129.0,13.0,13.0
1097,1097,06/07/16,2016.0,June,30.0,F,France,Val d'Oise,Accessories,Tires and Tubes,2.0,43.0,63.5,86.0,127.0,41.0,20.5
1098,1098,07/10/16,2016.0,July,30.0,F,France,Val d'Oise,Accessories,Tires and Tubes,3.0,203.0,239.333333,609.0,718.0,109.0,36.33333300000001
1099,1099,07/10/16,2016.0,July,30.0,F,France,Val d'Oise,Accessories,Tires and Tubes,3.0,25.0,24.666667,75.0,74.0,-1.0,-0.33333299999999966
1100,1100,07/10/16,2016.0,July,30.0,F,France,Val d'Oise,Accessories,Tires and Tubes,3.0,17.67,29.666667,53.0,89.0,36.0,11.996666999999999
1101,1101,08/01/15,2015.0,August,30.0,F,France,Val d'Oise,Accessories,Tires and Tubes,2.0,45.0,49.0,90.0,98.0,8.0,4.0
1102,1102,08/01/15,2015.0,August,30.0,F,France,Val d'Oise,Clothing,Jerseys,1.0,1400.0,1130.0,1400.0,1130.0,-270.0,-270.0
1103,1103,08/09/15,2015.0,August,30.0,F,France,Val d'Oise,Accessories,Tires and Tubes,2.0,217.5,311.5,435.0,623.0,188.0,94.0
1104,1104,08/09/15,2015.0,August,30.0,F,France,Val d'Oise,Accessories,Tires and Tubes,3.0,3.33,3.333333,10.0,10.0,0.0,0.0033330000000000304
1105,1105,08/09/15,2015.0,August,30.0,F,France,Val d'Oise,Accessories,Tires and Tubes,1.0,60.0,48.0,60.0,48.0,-12.0,-12.0
1106,1106,08/09/15,2015.0,August,30.0,F,France,Val d'Oise,Accessories,Bike Stands,2.0,397.5,539.0,795.0,1078.0,283.0,141.5
1107,1107,08/24/15,2015.0,August,30.0,F,France,Val d'Oise,Accessories,Tires and Tubes,3.0,183.67,240.666667,551.0,722.0,171.0,56.996667
1108,1108,08/24/15,2015.0,August,30.0,F,France,Val d'Oise,Accessories,Tires and Tubes,2.0,12.5,18.0,25.0,36.0,11.0,5.5
1109,1109,08/24/15,2015.0,August,30.0,F,France,Val d'Oise,Accessories,Tires and Tubes,2.0,23.0,30.0,46.0,60.0,14.0,7.0
1110,1110,09/08/15,2015.0,September,30.0,F,France,Val d'Oise,Accessories,Tires and Tubes,3.0,7.0,8.0,21.0,24.0,3.0,1.0
1111,1111,09/29/15,2015.0,September,30.0,F,France,Val d'Oise,Accessories,Tires and Tubes,2.0,129.0,133.5,258.0,267.0,9.0,4.5
1112,1112,09/29/15,2015.0,September,30.0,F,France,Val d'Oise,Accessories,Tires and Tubes,3.0,12.0,9.666667,36.0,29.0,-7.0,-2.3333329999999997
1113,1113,09/29/15,2015.0,September,30.0,F,France,Val d'Oise,Accessories,Tires and Tubes,3.0,5.33,5.666667,16.0,17.0,1.0,0.33666700000000027
1114,1114,10/01/15,2015.0,October,30.0,F,France,Val d'Oise,Accessories,Bottles and Cages,2.0,67.5,52.5,135.0,105.0,-30.0,-15.0
1115,1115,10/01/15,2015.0,October,30.0,F,France,Val d'Oise,Accessories,Bottles and Cages,3.0,41.67,56.666667,125.0,170.0,45.0,14.996666999999995
1116,1116,10/05/15,2015.0,October,30.0,F,France,Val d'Oise,Accessories,Tires and Tubes,2.0,17.5,16.0,35.0,32.0,-3.0,-1.5
1117,1117,10/05/15,2015.0,October,30.0,F,France,Val d'Oise,Accessories,Tires and Tubes,2.0,31.0,40.0,62.0,80.0,18.0,9.0
1118,1118,10/05/15,2015.0,October,30.0,F,France,Val d'Oise,Accessories,Tires and Tubes,2.0,45.0,52.0,90.0,104.0,14.0,7.0
1119,1119,10/05/15,2015.0,October,30.0,F,France,Val d'Oise,Accessories,Helmets,2.0,280.0,394.0,560.0,788.0,228.0,114.0
1120,1120,10/17/15,2015.0,October,30.0,F,France,Val d'Oise,Accessories,Tires and Tubes,1.0,100.0,121.0,100.0,121.0,21.0,21.0
1121,1121,10/17/15,2015.0,October,30.0,F,France,Val d'Oise,Accessories,Tires and Tubes,2.0,4.5,6.0,9.0,12.0,3.0,1.5
1122,1122,11/29/15,2015.0,November,30.0,F,France,Val d'Oise,Accessories,Tires and Tubes,2.0,10.0,13.0,20.0,26.0,6.0,3.0
1123,1123,11/30/15,2015.0,November,30.0,F,France,Val d'Oise,Accessories,Tires and Tubes,3.0,43.33,40.333333,130.0,121.0,-9.0,-2.996666999999995
1124,1124,11/30/15,2015.0,November,30.0,F,France,Val d'Oise,Accessories,Helmets,1.0,385.0,476.0,385.0,476.0,91.0,91.0
1125,1125,12/09/15,2015.0,December,30.0,F,France,Val d'Oise,Accessories,Tires and Tubes,2.0,319.0,379.5,638.0,759.0,121.0,60.5
1126,1126,12/09/15,2015.0,December,30.0,F,France,Val d'Oise,Accessories,Tires and Tubes,3.0,8.33,7.0,25.0,21.0,-4.0,-1.33
1127,1127,12/09/15,2015.0,December,30.0,F,France,Val d'Oise,Accessories,Helmets,3.0,315.0,446.0,945.0,1338.0,393.0,131.0
1128,1128,12/12/15,2015.0,December,30.0,F,France,Val d'Oise,Accessories,Tires and Tubes,1.0,261.0,371.0,261.0,371.0,110.0,110.0
1129,1129,12/12/15,2015.0,December,30.0,F,France,Val d'Oise,Accessories,Tires and Tubes,2.0,57.5,68.5,115.0,137.0,22.0,11.0
1130,1130,12/12/15,2015.0,December,30.0,F,France,Val d'Oise,Accessories,Tires and Tubes,1.0,14.0,12.0,14.0,12.0,-2.0,-2.0
1131,1131,09/16/15,2015.0,September,30.0,F,Germany,Saarland,Clothing,Jerseys,1.0,54.0,70.0,54.0,70.0,16.0,16.0
1132,1132,01/01/16,2016.0,January,31.0,M,United Kingdom,England,Accessories,Helmets,2.0,297.5,379.5,595.0,759.0,164.0,82.0
1133,1133,01/09/16,2016.0,January,31.0,M,United Kingdom,England,Accessories,Helmets,3.0,326.67,407.333333,980.0,1222.0,242.0,80.66333299999997
1134,1134,02/08/16,2016.0,February,31.0,M,United Kingdom,England,Accessories,Helmets,3.0,35.0,42.333333,105.0,127.0,22.0,7.333333000000003
1135,1135,03/01/16,2016.0,March,31.0,M,United Kingdom,England,Accessories,Helmets,3.0,35.0,45.666667,105.0,137.0,32.0,10.666666999999997
1136,1136,03/11/16,2016.0,March,31.0,M,United Kingdom,England,Accessories,Helmets,1.0,525.0,715.0,525.0,715.0,190.0,190.0
1137,1137,05/23/16,2016.0,May,31.0,M,United Kingdom,England,Accessories,Helmets,2.0,87.5,109.0,175.0,218.0,43.0,21.5
1138,1138,08/03/15,2015.0,August,31.0,M,United Kingdom,England,Accessories,Helmets,2.0,245.0,276.5,490.0,553.0,63.0,31.5
1139,1139,10/31/15,2015.0,October,31.0,M,United Kingdom,England,Accessories,Helmets,2.0,367.5,452.5,735.0,905.0,170.0,85.0
1140,1140,11/30/15,2015.0,November,31.0,M,United Kingdom,England,Accessories,Helmets,1.0,35.0,39.0,35.0,39.0,4.0,4.0
1141,1141,12/11/15,2015.0,December,31.0,M,United Kingdom,England,Accessories,Helmets,2.0,140.0,146.0,280.0,292.0,12.0,6.0
1142,1142,12/23/15,2015.0,December,31.0,M,United Kingdom,England,Accessories,Helmets,2.0,122.5,147.5,245.0,295.0,50.0,25.0
1143,1143,04/15/16,2016.0,April,31.0,F,Germany,Hessen,Bikes,Mountain Bikes,1.0,769.0,1006.0,769.0,1006.0,237.0,237.0
1144,1144,09/15/15,2015.0,September,31.0,F,Germany,Hessen,Bikes,Mountain Bikes,3.0,773.33,868.666667,2320.0,2606.0,286.0,95.33666699999992
1145,1145,05/01/16,2016.0,May,31.0,M,France,Loiret,Bikes,Mountain Bikes,2.0,1160.0,1094.0,2320.0,2188.0,-132.0,-66.0
1146,1146,06/15/15,2015.0,June,31.0,M,France,Loiret,Bikes,Mountain Bikes,2.0,1035.5,1296.0,2071.0,2592.0,521.0,260.5
1147,1147,09/21/15,2015.0,September,31.0,M,France,Loiret,Bikes,Mountain Bikes,1.0,2295.0,2697.0,2295.0,2697.0,402.0,402.0
1148,1148,09/21/15,2015.0,September,31.0,M,France,Loiret,Accessories,Tires and Tubes,3.0,14.67,10.666667,44.0,32.0,-12.0,-4.003333
1149,1149,06/12/15,2015.0,June,31.0,M,France,Nord,Bikes,Mountain Bikes,1.0,2071.0,2377.0,2071.0,2377.0,306.0,306.0
1150,1150,09/09/15,2015.0,September,31.0,M,France,Nord,Bikes,Mountain Bikes,1.0,2320.0,1774.0,2320.0,1774.0,-546.0,-546.0
1151,1151,09/09/15,2015.0,September,31.0,M,France,Nord,Clothing,Caps,3.0,30.0,25.333333,90.0,76.0,-14.0,-4.666667
1152,1152,06/18/15,2015.0,June,32.0,M,France,Nord,Bikes,Mountain Bikes,3.0,690.33,680.0,2071.0,2040.0,-31.0,-10.330000000000041
1153,1153,09/24/15,2015.0,September,32.0,M,France,Nord,Bikes,Mountain Bikes,2.0,1147.5,1391.5,2295.0,2783.0,488.0,244.0
1154,1154,10/04/15,2015.0,October,32.0,M,France,Nord,Bikes,Mountain Bikes,3.0,256.33,184.333333,769.0,553.0,-216.0,-71.99666699999997
1155,1155,06/24/15,2015.0,June,32.0,F,France,Seine (Paris),Bikes,Mountain Bikes,1.0,2049.0,2328.0,2049.0,2328.0,279.0,279.0
1156,1156,09/13/15,2015.0,September,32.0,F,France,Seine (Paris),Bikes,Mountain Bikes,3.0,765.0,601.0,2295.0,1803.0,-492.0,-164.0
1157,1157,06/02/15,2015.0,June,33.0,F,France,Seine Saint Denis,Bikes,Mountain Bikes,2.0,1035.5,674.5,2071.0,1349.0,-722.0,-361.0
1158,1158,06/02/15,2015.0,June,33.0,F,France,Seine Saint Denis,Bikes,Mountain Bikes,1.0,2049.0,1605.0,2049.0,1605.0,-444.0,-444.0
1159,1159,09/13/15,2015.0,September,33.0,F,France,Seine Saint Denis,Bikes,Mountain Bikes,1.0,2320.0,2205.0,2320.0,2205.0,-115.0,-115.0
1160,1160,09/13/15,2015.0,September,33.0,F,France,Seine Saint Denis,Accessories,Bottles and Cages,1.0,100.0,86.0,100.0,86.0,-14.0,-14.0
1161,1161,09/13/15,2015.0,September,33.0,F,France,Seine Saint Denis,Accessories,Bottles and Cages,1.0,5.0,7.0,5.0,7.0,2.0,2.0
1162,1162,11/13/15,2015.0,November,33.0,F,France,Seine Saint Denis,Bikes,Mountain Bikes,1.0,2320.0,2093.0,2320.0,2093.0,-227.0,-227.0
1163,1163,10/18/15,2015.0,October,64.0,M,United Kingdom,England,Accessories,Helmets,1.0,105.0,107.0,105.0,107.0,2.0,2.0
1164,1164,01/10/16,2016.0,January,31.0,F,France,Seine (Paris),Clothing,Caps,3.0,6.0,8.0,18.0,24.0,6.0,2.0
1165,1165,03/28/16,2016.0,March,31.0,F,France,Seine (Paris),Clothing,Caps,2.0,22.5,27.5,45.0,55.0,10.0,5.0
1166,1166,06/24/15,2015.0,June,32.0,F,France,Yveline,Bikes,Mountain Bikes,3.0,690.33,572.666667,2071.0,1718.0,-353.0,-117.66333300000008
1167,1167,10/10/15,2015.0,October,32.0,F,France,Yveline,Bikes,Mountain Bikes,3.0,765.0,757.333333,2295.0,2272.0,-23.0,-7.666666999999961
1168,1168,06/02/15,2015.0,June,33.0,M,France,Moselle,Bikes,Mountain Bikes,2.0,1024.5,1037.5,2049.0,2075.0,26.0,13.0
1169,1169,10/11/15,2015.0,October,33.0,M,France,Moselle,Bikes,Mountain Bikes,2.0,1147.5,1061.0,2295.0,2122.0,-173.0,-86.5
1170,1170,10/11/15,2015.0,October,33.0,M,France,Moselle,Accessories,Tires and Tubes,2.0,175.0,160.5,350.0,321.0,-29.0,-14.5
1171,1171,10/11/15,2015.0,October,33.0,M,France,Moselle,Accessories,Tires and Tubes,1.0,5.0,4.0,5.0,4.0,-1.0,-1.0
1172,1172,10/11/15,2015.0,October,33.0,M,France,Moselle,Accessories,Bike Stands,1.0,636.0,774.0,636.0,774.0,138.0,138.0
1173,1173,12/01/15,2015.0,December,33.0,M,France,Moselle,Accessories,Tires and Tubes,2.0,165.0,140.0,330.0,280.0,-50.0,-25.0
1174,1174,12/01/15,2015.0,December,33.0,M,France,Moselle,Accessories,Tires and Tubes,2.0,5.5,4.5,11.0,9.0,-2.0,-1.0
1175,1175,11/24/15,2015.0,November,34.0,F,France,Seine Saint Denis,Accessories,Bottles and Cages,2.0,60.0,76.5,120.0,153.0,33.0,16.5
1176,1176,11/24/15,2015.0,November,34.0,F,France,Seine Saint Denis,Accessories,Bottles and Cages,1.0,135.0,168.0,135.0,168.0,33.0,33.0
1177,1177,02/06/15,2015.0,February,34.0,F,France,Yveline,Bikes,Mountain Bikes,2.0,1024.5,840.5,2049.0,1681.0,-368.0,-184.0
1178,1178,11/22/15,2015.0,November,34.0,F,France,Yveline,Bikes,Mountain Bikes,3.0,256.33,207.333333,769.0,622.0,-147.0,-48.996666999999974
1179,1179,11/24/15,2015.0,November,34.0,F,France,Yveline,Bikes,Mountain Bikes,3.0,765.0,850.666667,2295.0,2552.0,257.0,85.66666699999996
1180,1180,03/18/16,2016.0,March,19.0,M,France,Seine (Paris),Accessories,Tires and Tubes,1.0,90.0,121.0,90.0,121.0,31.0,31.0
1181,1181,11/13/15,2015.0,November,19.0,M,France,Seine (Paris),Bikes,Mountain Bikes,3.0,765.0,618.0,2295.0,1854.0,-441.0,-147.0
1182,1182,11/13/15,2015.0,November,19.0,M,France,Seine (Paris),Accessories,Tires and Tubes,3.0,16.67,18.0,50.0,54.0,4.0,1.3299999999999983
1183,1183,12/21/15,2015.0,December,20.0,M,France,Loiret,Bikes,Mountain Bikes,1.0,2320.0,2660.0,2320.0,2660.0,340.0,340.0
1184,1184,12/21/15,2015.0,December,20.0,M,France,Loiret,Accessories,Bottles and Cages,1.0,240.0,330.0,240.0,330.0,90.0,90.0
1185,1185,02/18/16,2016.0,February,18.0,M,France,Essonne,Accessories,Helmets,3.0,105.0,154.0,315.0,462.0,147.0,49.0
1186,1186,02/18/16,2016.0,February,18.0,M,France,Essonne,Clothing,Jerseys,1.0,378.0,520.0,378.0,520.0,142.0,142.0
1187,1187,07/02/16,2016.0,July,18.0,M,Germany,Bayern,Accessories,Helmets,3.0,233.33,353.0,700.0,1059.0,359.0,119.66999999999999
1188,1188,07/08/16,2016.0,July,19.0,F,France,Val de Marne,Accessories,Helmets,2.0,420.0,430.5,840.0,861.0,21.0,10.5
1189,1189,07/07/16,2016.0,July,19.0,F,Germany,Saarland,Accessories,Tires and Tubes,3.0,15.0,24.333333,45.0,73.0,28.0,9.333333
1190,1190,09/25/15,2015.0,September,19.0,F,Germany,Saarland,Bikes,Mountain Bikes,2.0,1160.0,1323.0,2320.0,2646.0,326.0,163.0
1191,1191,09/25/15,2015.0,September,19.0,F,Germany,Saarland,Accessories,Tires and Tubes,3.0,268.33,370.333333,805.0,1111.0,306.0,102.003333
1192,1192,09/25/15,2015.0,September,19.0,F,Germany,Saarland,Accessories,Tires and Tubes,3.0,20.0,27.333333,60.0,82.0,22.0,7.333333
1193,1193,12/14/15,2015.0,December,20.0,F,France,Essonne,Bikes,Mountain Bikes,2.0,1160.0,1015.5,2320.0,2031.0,-289.0,-144.5
1194,1194,12/14/15,2015.0,December,20.0,F,France,Essonne,Accessories,Bottles and Cages,2.0,30.0,39.0,60.0,78.0,18.0,9.0
1195,1195,12/14/15,2015.0,December,20.0,F,France,Essonne,Accessories,Bottles and Cages,2.0,30.0,37.5,60.0,75.0,15.0,7.5
1196,1196,12/14/15,2015.0,December,20.0,F,France,Essonne,Accessories,Helmets,1.0,245.0,261.0,245.0,261.0,16.0,16.0
1197,1197,12/14/15,2015.0,December,20.0,F,France,Essonne,Clothing,Caps,3.0,72.0,64.0,216.0,192.0,-24.0,-8.0
1198,1198,11/07/15,2015.0,November,20.0,F,France,Hauts de Seine,Accessories,Helmets,2.0,227.5,281.5,455.0,563.0,108.0,54.0
1199,1199,12/09/15,2015.0,December,20.0,M,France,Yveline,Bikes,Mountain Bikes,1.0,2295.0,2525.0,2295.0,2525.0,230.0,230.0
1200,1200,12/09/15,2015.0,December,20.0,M,France,Yveline,Accessories,Bottles and Cages,1.0,190.0,291.0,190.0,291.0,101.0,101.0
1201,1201,12/09/15,2015.0,December,20.0,M,France,Yveline,Accessories,Bottles and Cages,2.0,47.5,36.5,95.0,73.0,-22.0,-11.0
1202,1202,12/09/15,2015.0,December,20.0,M,France,Yveline,Clothing,Caps,1.0,189.0,166.0,189.0,166.0,-23.0,-23.0
1203,1203,12/09/15,2015.0,December,20.0,M,France,Yveline,Accessories,Helmets,2.0,280.0,386.5,560.0,773.0,213.0,106.5
1204,1204,01/11/16,2016.0,January,20.0,M,Germany,Hessen,Accessories,Helmets,3.0,163.33,243.0,490.0,729.0,239.0,79.66999999999999
1205,1205,05/18/16,2016.0,May,20.0,M,Germany,Hessen,Accessories,Helmets,2.0,280.0,444.0,560.0,888.0,328.0,164.0
1206,1206,04/10/16,2016.0,April,20.0,M,United Kingdom,England,Bikes,Touring Bikes,1.0,2384.0,2308.0,2384.0,2308.0,-76.0,-76.0
1207,1207,04/18/16,2016.0,April,20.0,M,United Kingdom,England,Bikes,Touring Bikes,3.0,794.67,842.333333,2384.0,2527.0,143.0,47.66333300000008
1208,1208,09/13/15,2015.0,September,20.0,M,United Kingdom,England,Clothing,Caps,3.0,15.0,17.666667,45.0,53.0,8.0,2.6666670000000003
1209,1209,09/01/15,2015.0,September,21.0,F,Germany,Saarland,Bikes,Mountain Bikes,2.0,1147.5,1349.5,2295.0,2699.0,404.0,202.0
1210,1210,05/22/16,2016.0,May,22.0,F,France,Essonne,Bikes,Road Bikes,3.0,180.0,194.666667,540.0,584.0,44.0,14.66666699999999
1211,1211,12/15/15,2015.0,December,22.0,F,France,Essonne,Clothing,Caps,1.0,144.0,147.0,144.0,147.0,3.0,3.0
1212,1212,12/30/15,2015.0,December,22.0,F,France,Essonne,Bikes,Mountain Bikes,1.0,2320.0,2001.0,2320.0,2001.0,-319.0,-319.0
1213,1213,12/30/15,2015.0,December,22.0,F,France,Essonne,Clothing,Caps,3.0,54.0,75.333333,162.0,226.0,64.0,21.333332999999996
1214,1214,12/12/15,2015.0,December,22.0,M,France,Seine (Paris),Bikes,Mountain Bikes,2.0,1160.0,873.0,2320.0,1746.0,-574.0,-287.0
1215,1215,12/12/15,2015.0,December,22.0,M,France,Seine (Paris),Accessories,Bottles and Cages,1.0,190.0,238.0,190.0,238.0,48.0,48.0
1216,1216,12/12/15,2015.0,December,22.0,M,France,Seine (Paris),Accessories,Bottles and Cages,2.0,47.5,35.5,95.0,71.0,-24.0,-12.0
1217,1217,06/15/16,2016.0,June,21.0,M,France,Hauts de Seine,Accessories,Helmets,1.0,595.0,1010.0,595.0,1010.0,415.0,415.0
1218,1218,01/21/16,2016.0,January,21.0,M,United Kingdom,England,Bikes,Touring Bikes,2.0,371.0,413.0,742.0,826.0,84.0,42.0
1219,1219,05/26/16,2016.0,May,21.0,M,United Kingdom,England,Bikes,Touring Bikes,3.0,794.67,875.666667,2384.0,2627.0,243.0,80.996667
1220,1220,03/11/15,2015.0,March,23.0,M,France,Loiret,Bikes,Road Bikes,2.0,391.5,432.0,783.0,864.0,81.0,40.5
1221,1221,09/11/15,2015.0,September,23.0,M,France,Loiret,Bikes,Road Bikes,3.0,373.33,313.666667,1120.0,941.0,-179.0,-59.663332999999966
1222,1222,12/31/15,2015.0,December,23.0,M,France,Loiret,Bikes,Mountain Bikes,3.0,765.0,940.333333,2295.0,2821.0,526.0,175.33333300000004
1223,1223,04/17/16,2016.0,April,23.0,M,United Kingdom,England,Accessories,Bottles and Cages,2.0,50.0,59.5,100.0,119.0,19.0,9.5
1224,1224,06/27/16,2016.0,June,23.0,M,United Kingdom,England,Accessories,Fenders,1.0,418.0,570.0,418.0,570.0,152.0,152.0
1225,1225,10/19/15,2015.0,October,23.0,M,United Kingdom,England,Accessories,Bottles and Cages,1.0,140.0,167.0,140.0,167.0,27.0,27.0
1226,1226,10/23/15,2015.0,October,23.0,M,United Kingdom,England,Accessories,Bottles and Cages,2.0,20.0,24.5,40.0,49.0,9.0,4.5
1227,1227,10/23/15,2015.0,October,23.0,M,United Kingdom,England,Accessories,Bottles and Cages,2.0,13.5,15.5,27.0,31.0,4.0,2.0
1228,1228,10/28/15,2015.0,October,23.0,M,United Kingdom,England,Accessories,Bottles and Cages,1.0,117.0,146.0,117.0,146.0,29.0,29.0
1229,1229,10/28/15,2015.0,October,23.0,M,United Kingdom,England,Accessories,Bottles and Cages,1.0,120.0,136.0,120.0,136.0,16.0,16.0
1230,1230,05/28/16,2016.0,May,22.0,F,Germany,Nordrhein-Westfalen,Accessories,Bottles and Cages,3.0,38.33,51.666667,115.0,155.0,40.0,13.336666999999998
1231,1231,05/28/16,2016.0,May,22.0,F,Germany,Nordrhein-Westfalen,Accessories,Bottles and Cages,1.0,216.0,315.0,216.0,315.0,99.0,99.0
1232,1232,06/21/16,2016.0,June,22.0,F,Germany,Nordrhein-Westfalen,Bikes,Mountain Bikes,2.0,1147.5,1656.0,2295.0,3312.0,1017.0,508.5
1233,1233,06/14/15,2015.0,June,22.0,F,Germany,Nordrhein-Westfalen,Bikes,Mountain Bikes,3.0,690.33,738.0,2071.0,2214.0,143.0,47.66999999999996
1234,1234,09/01/15,2015.0,September,22.0,F,Germany,Nordrhein-Westfalen,Accessories,Bottles and Cages,1.0,125.0,174.0,125.0,174.0,49.0,49.0
1235,1235,09/01/15,2015.0,September,22.0,F,Germany,Nordrhein-Westfalen,Accessories,Bottles and Cages,2.0,4.5,6.5,9.0,13.0,4.0,2.0
1236,1236,10/26/15,2015.0,October,22.0,F,Germany,Nordrhein-Westfalen,Bikes,Mountain Bikes,1.0,2295.0,2675.0,2295.0,2675.0,380.0,380.0
1237,1237,10/26/15,2015.0,October,22.0,F,Germany,Nordrhein-Westfalen,Accessories,Bottles and Cages,3.0,43.33,52.666667,130.0,158.0,28.0,9.336666999999998
1238,1238,10/26/15,2015.0,October,22.0,F,Germany,Nordrhein-Westfalen,Accessories,Bottles and Cages,2.0,7.5,10.5,15.0,21.0,6.0,3.0
1239,1239,10/07/15,2015.0,October,22.0,F,Germany,Saarland,Accessories,Bottles and Cages,1.0,50.0,69.0,50.0,69.0,19.0,19.0
1240,1240,10/07/15,2015.0,October,22.0,F,Germany,Saarland,Accessories,Bottles and Cages,1.0,115.0,158.0,115.0,158.0,43.0,43.0
1241,1241,07/21/15,2015.0,July,22.0,F,United Kingdom,England,Accessories,Cleaners,3.0,29.0,30.666667,87.0,92.0,5.0,1.6666670000000003
1242,1242,05/13/16,2016.0,May,24.0,M,United States,Washington,Clothing,Jerseys,2.0,525.0,578.0,1050.0,1156.0,106.0,53.0
1243,1243,10/11/15,2015.0,October,24.0,M,United States,Washington,Clothing,Jerseys,2.0,750.0,899.0,1500.0,1798.0,298.0,149.0
1244,1244,11/15/15,2015.0,November,24.0,M,United States,Washington,Clothing,Jerseys,3.0,504.0,537.333333,1512.0,1612.0,100.0,33.33333300000004
1245,1245,12/08/15,2015.0,December,24.0,M,United States,Washington,Clothing,Jerseys,1.0,1200.0,1204.0,1200.0,1204.0,4.0,4.0
1246,1246,12/15/15,2015.0,December,24.0,M,United States,Washington,Clothing,Jerseys,2.0,432.0,453.0,864.0,906.0,42.0,21.0
1247,1247,12/17/15,2015.0,December,24.0,M,United States,Washington,Clothing,Jerseys,1.0,350.0,347.0,350.0,347.0,-3.0,-3.0
1248,1248,01/02/16,2016.0,January,24.0,M,United States,California,Accessories,Tires and Tubes,2.0,65.0,72.5,130.0,145.0,15.0,7.5
1249,1249,01/02/16,2016.0,January,24.0,M,United States,California,Accessories,Tires and Tubes,3.0,9.67,10.666667,29.0,32.0,3.0,0.9966670000000004
1250,1250,02/12/16,2016.0,February,24.0,M,United States,California,Accessories,Tires and Tubes,3.0,200.0,251.666667,600.0,755.0,155.0,51.66666699999999
1251,1251,02/12/16,2016.0,February,24.0,M,United States,California,Accessories,Tires and Tubes,2.0,44.0,51.5,88.0,103.0,15.0,7.5
1252,1252,02/18/16,2016.0,February,24.0,M,United States,California,Accessories,Tires and Tubes,2.0,268.5,364.0,537.0,728.0,191.0,95.5
1253,1253,02/18/16,2016.0,February,24.0,M,United States,California,Bikes,Road Bikes,3.0,180.0,214.0,540.0,642.0,102.0,34.0
1254,1254,02/18/16,2016.0,February,24.0,M,United States,California,Accessories,Tires and Tubes,2.0,20.0,24.5,40.0,49.0,9.0,4.5
1255,1255,02/18/16,2016.0,February,24.0,M,United States,California,Accessories,Tires and Tubes,2.0,18.5,22.5,37.0,45.0,8.0,4.0
1256,1256,02/28/16,2016.0,February,24.0,M,United States,California,Accessories,Tires and Tubes,1.0,48.0,54.0,48.0,54.0,6.0,6.0
1257,1257,03/27/16,2016.0,March,24.0,M,United States,California,Accessories,Tires and Tubes,3.0,191.67,214.666667,575.0,644.0,69.0,22.996667000000002
1258,1258,03/27/16,2016.0,March,24.0,M,United States,California,Accessories,Tires and Tubes,3.0,37.33,47.666667,112.0,143.0,31.0,10.336666999999998
1259,1259,03/27/16,2016.0,March,24.0,M,United States,California,Accessories,Tires and Tubes,1.0,62.0,74.0,62.0,74.0,12.0,12.0
1260,1260,04/08/16,2016.0,April,24.0,M,United States,California,Accessories,Tires and Tubes,1.0,232.0,275.0,232.0,275.0,43.0,43.0
1261,1261,04/25/16,2016.0,April,24.0,M,United States,California,Accessories,Tires and Tubes,3.0,141.33,184.333333,424.0,553.0,129.0,43.003333
1262,1262,04/25/16,2016.0,April,24.0,M,United States,California,Accessories,Tires and Tubes,2.0,15.0,16.0,30.0,32.0,2.0,1.0
1263,1263,05/12/16,2016.0,May,24.0,M,United States,California,Accessories,Tires and Tubes,1.0,560.0,626.0,560.0,626.0,66.0,66.0
1264,1264,05/12/16,2016.0,May,24.0,M,United States,California,Accessories,Tires and Tubes,2.0,60.0,67.0,120.0,134.0,14.0,7.0
1265,1265,05/28/16,2016.0,May,24.0,M,United States,California,Accessories,Tires and Tubes,3.0,38.33,45.0,115.0,135.0,20.0,6.670000000000002
1266,1266,05/28/16,2016.0,May,24.0,M,United States,California,Accessories,Tires and Tubes,1.0,53.0,65.0,53.0,65.0,12.0,12.0
1267,1267,05/30/16,2016.0,May,24.0,M,United States,California,Bikes,Mountain Bikes,2.0,384.5,436.5,769.0,873.0,104.0,52.0
1268,1268,06/06/16,2016.0,June,24.0,M,United States,California,Accessories,Tires and Tubes,1.0,69.0,86.0,69.0,86.0,17.0,17.0
1269,1269,01/25/15,2015.0,January,24.0,M,United States,California,Bikes,Road Bikes,1.0,2443.0,2229.0,2443.0,2229.0,-214.0,-214.0
1270,1270,02/01/15,2015.0,February,24.0,M,United States,California,Bikes,Road Bikes,3.0,333.33,313.0,1000.0,939.0,-61.0,-20.329999999999984
1271,1271,02/14/15,2015.0,February,24.0,M,United States,California,Bikes,Road Bikes,3.0,333.33,301.0,1000.0,903.0,-97.0,-32.329999999999984
1272,1272,06/17/15,2015.0,June,24.0,M,United States,California,Bikes,Mountain Bikes,3.0,690.33,609.0,2071.0,1827.0,-244.0,-81.33000000000004
1273,1273,06/29/15,2015.0,June,24.0,M,United States,California,Bikes,Mountain Bikes,3.0,683.0,685.333333,2049.0,2056.0,7.0,2.3333330000000387
1274,1274,08/03/15,2015.0,August,24.0,M,United States,California,Accessories,Tires and Tubes,3.0,3.33,3.666667,10.0,11.0,1.0,0.3366669999999998
1275,1275,08/03/15,2015.0,August,24.0,M,United States,California,Accessories,Tires and Tubes,2.0,319.0,329.5,638.0,659.0,21.0,10.5
1276,1276,08/10/15,2015.0,August,24.0,M,United States,California,Accessories,Tires and Tubes,1.0,420.0,475.0,420.0,475.0,55.0,55.0
1277,1277,08/10/15,2015.0,August,24.0,M,United States,California,Accessories,Tires and Tubes,1.0,150.0,154.0,150.0,154.0,4.0,4.0
1278,1278,08/13/15,2015.0,August,24.0,M,United States,California,Bikes,Mountain Bikes,3.0,256.33,246.0,769.0,738.0,-31.0,-10.329999999999984
1279,1279,08/13/15,2015.0,August,24.0,M,United States,California,Accessories,Tires and Tubes,2.0,360.0,395.5,720.0,791.0,71.0,35.5
1280,1280,08/13/15,2015.0,August,24.0,M,United States,California,Accessories,Tires and Tubes,3.0,3.33,3.666667,10.0,11.0,1.0,0.3366669999999998
1281,1281,10/13/15,2015.0,October,24.0,M,United States,California,Accessories,Tires and Tubes,2.0,345.0,365.5,690.0,731.0,41.0,20.5
1282,1282,10/13/15,2015.0,October,24.0,M,United States,California,Accessories,Tires and Tubes,3.0,16.0,16.666667,48.0,50.0,2.0,0.6666670000000003
1283,1283,10/25/15,2015.0,October,24.0,M,United States,California,Bikes,Mountain Bikes,2.0,1147.5,1036.5,2295.0,2073.0,-222.0,-111.0
1284,1284,10/25/15,2015.0,October,24.0,M,United States,California,Accessories,Tires and Tubes,1.0,105.0,113.0,105.0,113.0,8.0,8.0
1285,1285,10/25/15,2015.0,October,24.0,M,United States,California,Accessories,Tires and Tubes,1.0,65.0,75.0,65.0,75.0,10.0,10.0
1286,1286,10/25/15,2015.0,October,24.0,M,United States,California,Accessories,Tires and Tubes,2.0,424.0,445.5,848.0,891.0,43.0,21.5
1287,1287,10/26/15,2015.0,October,24.0,M,United States,California,Bikes,Mountain Bikes,2.0,1160.0,1069.5,2320.0,2139.0,-181.0,-90.5
1288,1288,11/01/15,2015.0,November,24.0,M,United States,California,Bikes,Mountain Bikes,1.0,2320.0,2214.0,2320.0,2214.0,-106.0,-106.0
1289,1289,11/15/15,2015.0,November,24.0,M,United States,California,Accessories,Tires and Tubes,3.0,96.67,107.666667,290.0,323.0,33.0,10.996667000000002
1290,1290,11/16/15,2015.0,November,24.0,M,United States,California,Bikes,Road Bikes,1.0,2443.0,2511.0,2443.0,2511.0,68.0,68.0
1291,1291,11/16/15,2015.0,November,24.0,M,United States,California,Accessories,Tires and Tubes,3.0,130.33,132.0,391.0,396.0,5.0,1.6699999999999875
1292,1292,11/16/15,2015.0,November,24.0,M,United States,California,Accessories,Tires and Tubes,1.0,80.0,94.0,80.0,94.0,14.0,14.0
1293,1293,11/16/15,2015.0,November,24.0,M,United States,California,Accessories,Tires and Tubes,2.0,2.5,2.5,5.0,5.0,0.0,0.0
1294,1294,11/19/15,2015.0,November,24.0,M,United States,California,Accessories,Tires and Tubes,1.0,480.0,493.0,480.0,493.0,13.0,13.0
1295,1295,11/19/15,2015.0,November,24.0,M,United States,California,Accessories,Tires and Tubes,1.0,406.0,398.0,406.0,398.0,-8.0,-8.0
1296,1296,11/19/15,2015.0,November,24.0,M,United States,California,Accessories,Tires and Tubes,2.0,30.0,36.0,60.0,72.0,12.0,6.0
1297,1297,12/05/15,2015.0,December,24.0,M,United States,California,Bikes,Mountain Bikes,3.0,773.33,739.666667,2320.0,2219.0,-101.0,-33.66333300000008
1298,1298,12/17/15,2015.0,December,24.0,M,United States,California,Bikes,Mountain Bikes,2.0,384.5,336.0,769.0,672.0,-97.0,-48.5
1299,1299,12/27/15,2015.0,December,24.0,M,United States,California,Accessories,Tires and Tubes,2.0,125.0,136.0,250.0,272.0,22.0,11.0
1300,1300,12/27/15,2015.0,December,24.0,M,United States,California,Accessories,Tires and Tubes,3.0,48.33,53.666667,145.0,161.0,16.0,5.3366669999999985
1301,1301,12/29/15,2015.0,December,24.0,M,United States,California,Bikes,Mountain Bikes,2.0,384.5,329.5,769.0,659.0,-110.0,-55.0
1302,1302,01/03/16,2016.0,January,27.0,F,United States,Washington,Accessories,Tires and Tubes,1.0,45.0,55.0,45.0,55.0,10.0,10.0
1303,1303,01/05/16,2016.0,January,27.0,F,United States,Washington,Accessories,Cleaners,3.0,21.33,28.0,64.0,84.0,20.0,6.670000000000002
1304,1304,01/05/16,2016.0,January,27.0,F,United States,Washington,Accessories,Tires and Tubes,2.0,31.0,39.5,62.0,79.0,17.0,8.5
1305,1305,03/18/16,2016.0,March,27.0,F,United States,Washington,Accessories,Tires and Tubes,3.0,38.33,47.666667,115.0,143.0,28.0,9.336666999999998
1306,1306,05/12/16,2016.0,May,27.0,F,United States,Washington,Accessories,Tires and Tubes,1.0,64.0,87.0,64.0,87.0,23.0,23.0
1307,1307,05/12/16,2016.0,May,27.0,F,United States,Washington,Accessories,Tires and Tubes,1.0,28.0,36.0,28.0,36.0,8.0,8.0
1308,1308,06/06/16,2016.0,June,27.0,F,United States,Washington,Clothing,Jerseys,1.0,200.0,256.0,200.0,256.0,56.0,56.0
1309,1309,06/13/16,2016.0,June,27.0,F,United States,Washington,Accessories,Tires and Tubes,2.0,44.0,53.5,88.0,107.0,19.0,9.5
1310,1310,06/13/16,2016.0,June,27.0,F,United States,Washington,Accessories,Tires and Tubes,3.0,16.67,23.333333,50.0,70.0,20.0,6.663332999999998
1311,1311,06/19/16,2016.0,June,27.0,F,United States,Washington,Accessories,Tires and Tubes,1.0,7.0,8.0,7.0,8.0,1.0,1.0
1312,1312,06/19/16,2016.0,June,27.0,F,United States,Washington,Accessories,Tires and Tubes,3.0,1.67,2.0,5.0,6.0,1.0,0.33000000000000007
1313,1313,08/28/15,2015.0,August,27.0,F,United States,Washington,Accessories,Tires and Tubes,2.0,15.0,17.0,30.0,34.0,4.0,2.0
1314,1314,08/28/15,2015.0,August,27.0,F,United States,Washington,Accessories,Tires and Tubes,1.0,420.0,517.0,420.0,517.0,97.0,97.0
1315,1315,10/23/15,2015.0,October,27.0,F,United States,Washington,Accessories,Tires and Tubes,3.0,20.0,22.666667,60.0,68.0,8.0,2.6666670000000003
1316,1316,10/23/15,2015.0,October,27.0,F,United States,Washington,Accessories,Tires and Tubes,3.0,58.33,66.333333,175.0,199.0,24.0,8.003332999999998
1317,1317,10/23/15,2015.0,October,27.0,F,United States,Washington,Clothing,Jerseys,3.0,16.67,16.333333,50.0,49.0,-1.0,-0.33666700000000205
1318,1318,07/06/16,2016.0,July,28.0,F,United States,Oregon,Clothing,Gloves,3.0,16.33,20.0,49.0,60.0,11.0,3.6700000000000017
1319,1319,09/24/15,2015.0,September,26.0,F,United States,Oregon,Clothing,Jerseys,2.0,325.0,361.5,650.0,723.0,73.0,36.5
1320,1320,10/06/15,2015.0,October,26.0,F,United States,Oregon,Clothing,Jerseys,3.0,216.67,227.333333,650.0,682.0,32.0,10.663333000000023
1321,1321,10/18/15,2015.0,October,26.0,F,United States,Oregon,Clothing,Jerseys,1.0,702.0,788.0,702.0,788.0,86.0,86.0
1322,1322,02/08/16,2016.0,February,26.0,F,United States,California,Accessories,Tires and Tubes,3.0,45.0,58.666667,135.0,176.0,41.0,13.666666999999997
1323,1323,02/08/16,2016.0,February,26.0,F,United States,California,Accessories,Tires and Tubes,2.0,19.5,27.0,39.0,54.0,15.0,7.5
1324,1324,02/18/16,2016.0,February,26.0,F,United States,California,Accessories,Tires and Tubes,1.0,110.0,133.0,110.0,133.0,23.0,23.0
1325,1325,02/22/16,2016.0,February,26.0,F,United States,California,Accessories,Tires and Tubes,1.0,75.0,104.0,75.0,104.0,29.0,29.0
1326,1326,03/12/16,2016.0,March,26.0,F,United States,California,Accessories,Cleaners,1.0,87.0,94.0,87.0,94.0,7.0,7.0
1327,1327,03/14/16,2016.0,March,26.0,F,United States,California,Accessories,Tires and Tubes,3.0,35.0,38.666667,105.0,116.0,11.0,3.666666999999997
1328,1328,03/14/16,2016.0,March,26.0,F,United States,California,Accessories,Tires and Tubes,3.0,23.33,29.666667,70.0,89.0,19.0,6.336667000000002
1329,1329,03/14/16,2016.0,March,26.0,F,United States,California,Accessories,Tires and Tubes,1.0,35.0,46.0,35.0,46.0,11.0,11.0
1330,1330,03/16/16,2016.0,March,26.0,F,United States,California,Accessories,Tires and Tubes,3.0,43.0,52.666667,129.0,158.0,29.0,9.666666999999997
1331,1331,03/16/16,2016.0,March,26.0,F,United States,California,Accessories,Tires and Tubes,1.0,25.0,31.0,25.0,31.0,6.0,6.0
1332,1332,03/19/16,2016.0,March,26.0,F,United States,California,Accessories,Tires and Tubes,1.0,135.0,144.0,135.0,144.0,9.0,9.0
1333,1333,03/19/16,2016.0,March,26.0,F,United States,California,Accessories,Tires and Tubes,1.0,53.0,62.0,53.0,62.0,9.0,9.0
1334,1334,03/19/16,2016.0,March,26.0,F,United States,California,Accessories,Tires and Tubes,2.0,16.0,21.0,32.0,42.0,10.0,5.0
1335,1335,03/20/16,2016.0,March,26.0,F,United States,California,Accessories,Tires and Tubes,2.0,38.0,41.5,76.0,83.0,7.0,3.5
1336,1336,03/26/16,2016.0,March,26.0,F,United States,California,Accessories,Tires and Tubes,3.0,5.33,6.666667,16.0,20.0,4.0,1.3366670000000003
1337,1337,04/01/16,2016.0,April,26.0,F,United States,California,Accessories,Cleaners,3.0,34.33,43.333333,103.0,130.0,27.0,9.003333000000005
1338,1338,04/01/16,2016.0,April,26.0,F,United States,California,Accessories,Tires and Tubes,3.0,8.33,9.666667,25.0,29.0,4.0,1.3366670000000003
1339,1339,04/07/16,2016.0,April,26.0,F,United States,California,Accessories,Tires and Tubes,1.0,70.0,77.0,70.0,77.0,7.0,7.0
1340,1340,04/07/16,2016.0,April,26.0,F,United States,California,Accessories,Tires and Tubes,2.0,13.5,15.5,27.0,31.0,4.0,2.0
1341,1341,05/21/16,2016.0,May,26.0,F,United States,California,Accessories,Tires and Tubes,3.0,23.0,28.666667,69.0,86.0,17.0,5.666667
1342,1342,05/21/16,2016.0,May,26.0,F,United States,California,Accessories,Tires and Tubes,3.0,18.67,21.0,56.0,63.0,7.0,2.3299999999999983
1343,1343,06/04/16,2016.0,June,26.0,F,United States,California,Accessories,Tires and Tubes,2.0,50.0,60.0,100.0,120.0,20.0,10.0
1344,1344,07/05/16,2016.0,July,26.0,F,United States,California,Accessories,Tires and Tubes,1.0,25.0,28.0,25.0,28.0,3.0,3.0
1345,1345,07/05/16,2016.0,July,26.0,F,United States,California,Accessories,Tires and Tubes,2.0,2.5,3.0,5.0,6.0,1.0,0.5
1346,1346,07/15/16,2016.0,July,26.0,F,United States,California,Accessories,Tires and Tubes,3.0,0.67,1.0,2.0,3.0,1.0,0.32999999999999996
1347,1347,07/30/16,2016.0,July,26.0,F,United States,California,Accessories,Tires and Tubes,3.0,33.33,38.333333,100.0,115.0,15.0,5.003333000000005
1348,1348,08/24/15,2015.0,August,26.0,F,United States,California,Accessories,Tires and Tubes,2.0,8.0,9.5,16.0,19.0,3.0,1.5
1349,1349,08/24/15,2015.0,August,26.0,F,United States,California,Accessories,Tires and Tubes,2.0,98.0,93.0,196.0,186.0,-10.0,-5.0
1350,1350,08/25/15,2015.0,August,26.0,F,United States,California,Accessories,Tires and Tubes,1.0,105.0,122.0,105.0,122.0,17.0,17.0
1351,1351,08/25/15,2015.0,August,26.0,F,United States,California,Accessories,Tires and Tubes,2.0,17.5,19.5,35.0,39.0,4.0,2.0
1352,1352,08/25/15,2015.0,August,26.0,F,United States,California,Accessories,Tires and Tubes,3.0,4.67,5.0,14.0,15.0,1.0,0.33000000000000007
1353,1353,08/27/15,2015.0,August,26.0,F,United States,California,Accessories,Tires and Tubes,2.0,232.0,244.0,464.0,488.0,24.0,12.0
1354,1354,11/12/15,2015.0,November,26.0,F,United States,California,Accessories,Tires and Tubes,3.0,31.67,31.333333,95.0,94.0,-1.0,-0.33666700000000205
1355,1355,11/12/15,2015.0,November,26.0,F,United States,California,Accessories,Tires and Tubes,3.0,93.33,106.333333,280.0,319.0,39.0,13.003332999999998
1356,1356,11/26/15,2015.0,November,26.0,F,United States,California,Accessories,Tires and Tubes,2.0,47.5,54.5,95.0,109.0,14.0,7.0
1357,1357,11/26/15,2015.0,November,26.0,F,United States,California,Accessories,Tires and Tubes,2.0,87.5,90.0,175.0,180.0,5.0,2.5
1358,1358,12/15/15,2015.0,December,26.0,F,United States,California,Accessories,Tires and Tubes,1.0,200.0,229.0,200.0,229.0,29.0,29.0
1359,1359,12/15/15,2015.0,December,26.0,F,United States,California,Accessories,Tires and Tubes,3.0,20.67,21.666667,62.0,65.0,3.0,0.9966669999999986
1360,1360,01/07/16,2016.0,January,27.0,M,United States,Oregon,Clothing,Caps,2.0,76.5,80.0,153.0,160.0,7.0,3.5
1361,1361,12/25/15,2015.0,December,27.0,M,United States,Oregon,Clothing,Caps,3.0,18.0,18.333333,54.0,55.0,1.0,0.33333299999999966
1362,1362,05/09/16,2016.0,May,27.0,M,United States,Washington,Bikes,Road Bikes,2.0,560.0,556.5,1120.0,1113.0,-7.0,-3.5
1363,1363,05/09/16,2016.0,May,27.0,M,United States,Washington,Accessories,Helmets,1.0,420.0,546.0,420.0,546.0,126.0,126.0
1364,1364,05/15/16,2016.0,May,27.0,M,United States,Washington,Bikes,Road Bikes,2.0,560.0,545.0,1120.0,1090.0,-30.0,-15.0
1365,1365,06/03/16,2016.0,June,27.0,M,United States,Washington,Accessories,Helmets,1.0,280.0,342.0,280.0,342.0,62.0,62.0
1366,1366,01/10/15,2015.0,January,27.0,M,United States,Washington,Bikes,Road Bikes,2.0,391.5,359.5,783.0,719.0,-64.0,-32.0
1367,1367,02/01/15,2015.0,February,27.0,M,United States,Washington,Bikes,Road Bikes,2.0,1221.5,989.5,2443.0,1979.0,-464.0,-232.0
1368,1368,07/17/15,2015.0,July,27.0,M,United States,Washington,Bikes,Road Bikes,3.0,180.0,169.333333,540.0,508.0,-32.0,-10.66666699999999
1369,1369,08/19/15,2015.0,August,27.0,M,United States,Washington,Accessories,Helmets,2.0,455.0,448.0,910.0,896.0,-14.0,-7.0
1370,1370,08/26/15,2015.0,August,27.0,M,United States,Washington,Bikes,Road Bikes,2.0,270.0,277.5,540.0,555.0,15.0,7.5
1371,1371,08/26/15,2015.0,August,27.0,M,United States,Washington,Accessories,Helmets,2.0,87.5,89.0,175.0,178.0,3.0,1.5
1372,1372,12/03/15,2015.0,December,27.0,M,United States,Washington,Accessories,Helmets,1.0,245.0,260.0,245.0,260.0,15.0,15.0
1373,1373,12/03/15,2015.0,December,27.0,M,United States,Washington,Bikes,Road Bikes,2.0,270.0,248.0,540.0,496.0,-44.0,-22.0
1374,1374,12/03/15,2015.0,December,27.0,M,United States,Washington,Accessories,Helmets,3.0,140.0,170.333333,420.0,511.0,91.0,30.33333300000001
1375,1375,12/04/15,2015.0,December,27.0,M,United States,Washington,Accessories,Helmets,2.0,437.5,498.5,875.0,997.0,122.0,61.0
1376,1376,12/20/15,2015.0,December,27.0,M,United States,Washington,Bikes,Road Bikes,2.0,270.0,256.5,540.0,513.0,-27.0,-13.5
1377,1377,01/18/16,2016.0,January,31.0,F,United States,Washington,Clothing,Jerseys,2.0,425.0,495.0,850.0,990.0,140.0,70.0
1378,1378,01/18/16,2016.0,January,31.0,F,United States,Washington,Clothing,Caps,2.0,76.5,88.0,153.0,176.0,23.0,11.5
1379,1379,02/14/16,2016.0,February,31.0,F,United States,Washington,Clothing,Jerseys,3.0,66.67,81.333333,200.0,244.0,44.0,14.663332999999994
1380,1380,02/21/16,2016.0,February,31.0,F,United States,Washington,Clothing,Caps,1.0,252.0,344.0,252.0,344.0,92.0,92.0
1381,1381,04/27/16,2016.0,April,31.0,F,United States,Washington,Clothing,Caps,3.0,12.0,15.333333,36.0,46.0,10.0,3.3333329999999997
1382,1382,07/19/15,2015.0,July,31.0,F,United States,Washington,Clothing,Jerseys,1.0,400.0,400.0,400.0,400.0,0.0,0.0
1383,1383,08/03/15,2015.0,August,31.0,F,United States,Washington,Clothing,Jerseys,3.0,270.0,278.0,810.0,834.0,24.0,8.0
1384,1384,08/16/15,2015.0,August,31.0,F,United States,Washington,Clothing,Caps,2.0,117.0,138.0,234.0,276.0,42.0,21.0
1385,1385,09/04/15,2015.0,September,31.0,F,United States,Washington,Clothing,Caps,3.0,60.0,62.333333,180.0,187.0,7.0,2.333333000000003
1386,1386,09/04/15,2015.0,September,31.0,F,United States,Washington,Clothing,Jerseys,1.0,756.0,870.0,756.0,870.0,114.0,114.0
1387,1387,11/09/15,2015.0,November,31.0,F,United States,Washington,Clothing,Jerseys,3.0,283.33,297.0,850.0,891.0,41.0,13.670000000000016
1388,1388,02/21/16,2016.0,February,31.0,M,United States,Minnesota,Clothing,Jerseys,2.0,378.0,428.0,756.0,856.0,100.0,50.0
1389,1389,06/11/16,2016.0,June,31.0,M,United States,Minnesota,Accessories,Tires and Tubes,1.0,1050.0,1234.0,1050.0,1234.0,184.0,184.0
1390,1390,06/11/16,2016.0,June,31.0,M,United States,Minnesota,Accessories,Tires and Tubes,3.0,17.67,23.666667,53.0,71.0,18.0,5.996666999999999
1391,1391,08/09/15,2015.0,August,28.0,M,United States,Wyoming,Bikes,Mountain Bikes,3.0,773.33,698.0,2320.0,2094.0,-226.0,-75.33000000000004
1392,1392,08/09/15,2015.0,August,28.0,M,United States,Wyoming,Accessories,Tires and Tubes,1.0,64.0,80.0,64.0,80.0,16.0,16.0
1393,1393,09/08/15,2015.0,September,28.0,F,United States,Washington,Clothing,Caps,1.0,162.0,178.0,162.0,178.0,16.0,16.0
1394,1394,02/07/16,2016.0,February,32.0,M,United States,Oregon,Clothing,Caps,2.0,85.5,98.0,171.0,196.0,25.0,12.5
1395,1395,02/26/16,2016.0,February,32.0,M,United States,Oregon,Clothing,Caps,2.0,76.5,98.0,153.0,196.0,43.0,21.5
1396,1396,06/15/16,2016.0,June,32.0,M,United States,Oregon,Clothing,Caps,3.0,75.0,87.0,225.0,261.0,36.0,12.0
1397,1397,01/10/16,2016.0,January,32.0,F,United States,Washington,Bikes,Road Bikes,2.0,270.0,310.0,540.0,620.0,80.0,40.0
1398,1398,01/27/16,2016.0,January,32.0,F,United States,Washington,Bikes,Mountain Bikes,2.0,1147.5,1075.5,2295.0,2151.0,-144.0,-72.0
1399,1399,03/07/16,2016.0,March,32.0,F,United States,Washington,Clothing,Caps,3.0,66.0,73.666667,198.0,221.0,23.0,7.666667000000004
1400,1400,03/08/16,2016.0,March,32.0,F,United States,Washington,Clothing,Caps,1.0,18.0,23.0,18.0,23.0,5.0,5.0
1401,1401,03/31/16,2016.0,March,32.0,F,United States,Washington,Bikes,Mountain Bikes,3.0,773.33,943.333333,2320.0,2830.0,510.0,170.003333
1402,1402,04/13/16,2016.0,April,32.0,F,United States,Washington,Clothing,Caps,1.0,27.0,35.0,27.0,35.0,8.0,8.0
1403,1403,04/30/16,2016.0,April,32.0,F,United States,Washington,Bikes,Mountain Bikes,3.0,773.33,871.666667,2320.0,2615.0,295.0,98.33666699999992
1404,1404,05/09/16,2016.0,May,32.0,F,United States,Washington,Bikes,Mountain Bikes,1.0,2320.0,2413.0,2320.0,2413.0,93.0,93.0
1405,1405,05/18/16,2016.0,May,32.0,F,United States,Washington,Bikes,Road Bikes,3.0,567.0,638.0,1701.0,1914.0,213.0,71.0
1406,1406,05/27/16,2016.0,May,32.0,F,United States,Washington,Bikes,Mountain Bikes,1.0,2295.0,2681.0,2295.0,2681.0,386.0,386.0
1407,1407,05/29/16,2016.0,May,32.0,F,United States,Washington,Bikes,Mountain Bikes,3.0,773.33,868.333333,2320.0,2605.0,285.0,95.003333
1408,1408,06/24/16,2016.0,June,32.0,F,United States,Washington,Bikes,Mountain Bikes,3.0,765.0,790.666667,2295.0,2372.0,77.0,25.66666699999996
1409,1409,06/24/16,2016.0,June,32.0,F,United States,Washington,Clothing,Caps,1.0,189.0,209.0,189.0,209.0,20.0,20.0
1410,1410,04/03/15,2015.0,April,32.0,F,United States,Washington,Bikes,Road Bikes,1.0,2182.0,1863.0,2182.0,1863.0,-319.0,-319.0
1411,1411,04/09/15,2015.0,April,32.0,F,United States,Washington,Bikes,Road Bikes,2.0,1091.0,993.5,2182.0,1987.0,-195.0,-97.5
1412,1412,04/09/15,2015.0,April,32.0,F,United States,Washington,Bikes,Road Bikes,2.0,1091.0,1069.0,2182.0,2138.0,-44.0,-22.0
1413,1413,04/24/15,2015.0,April,32.0,F,United States,Washington,Bikes,Road Bikes,3.0,727.33,708.0,2182.0,2124.0,-58.0,-19.33000000000004
1414,1414,05/02/15,2015.0,May,32.0,F,United States,Washington,Bikes,Road Bikes,3.0,261.0,248.333333,783.0,745.0,-38.0,-12.66666699999999
1415,1415,05/11/15,2015.0,May,32.0,F,United States,Washington,Bikes,Road Bikes,3.0,333.33,282.666667,1000.0,848.0,-152.0,-50.663332999999966
1416,1416,08/18/15,2015.0,August,32.0,F,United States,Washington,Bikes,Mountain Bikes,1.0,2295.0,2235.0,2295.0,2235.0,-60.0,-60.0
1417,1417,08/18/15,2015.0,August,32.0,F,United States,Washington,Clothing,Caps,3.0,21.0,20.333333,63.0,61.0,-2.0,-0.6666670000000003
1418,1418,09/24/15,2015.0,September,32.0,F,United States,Washington,Bikes,Mountain Bikes,3.0,256.33,217.0,769.0,651.0,-118.0,-39.329999999999984
1419,1419,10/05/15,2015.0,October,32.0,F,United States,Washington,Bikes,Mountain Bikes,1.0,2320.0,2261.0,2320.0,2261.0,-59.0,-59.0
1420,1420,10/22/15,2015.0,October,32.0,F,United States,Washington,Clothing,Caps,3.0,33.0,33.0,99.0,99.0,0.0,0.0
1421,1421,10/28/15,2015.0,October,32.0,F,United States,Washington,Bikes,Mountain Bikes,3.0,765.0,695.666667,2295.0,2087.0,-208.0,-69.33333300000004
1422,1422,11/05/15,2015.0,November,32.0,F,United States,Washington,Bikes,Mountain Bikes,2.0,1147.5,1002.0,2295.0,2004.0,-291.0,-145.5
1423,1423,11/22/15,2015.0,November,32.0,F,United States,Washington,Bikes,Mountain Bikes,3.0,188.33,168.333333,565.0,505.0,-60.0,-19.996667000000002
1424,1424,12/05/15,2015.0,December,32.0,F,United States,Washington,Bikes,Mountain Bikes,3.0,765.0,681.666667,2295.0,2045.0,-250.0,-83.33333300000004
1425,1425,12/15/15,2015.0,December,32.0,F,United States,Washington,Bikes,Mountain Bikes,2.0,1147.5,1087.5,2295.0,2175.0,-120.0,-60.0
1426,1426,12/28/15,2015.0,December,32.0,F,United States,Washington,Bikes,Mountain Bikes,2.0,1147.5,1107.5,2295.0,2215.0,-80.0,-40.0
1427,1427,01/03/16,2016.0,January,34.0,M,United States,California,Accessories,Tires and Tubes,1.0,70.0,93.0,70.0,93.0,23.0,23.0
1428,1428,01/03/16,2016.0,January,34.0,M,United States,California,Clothing,Caps,2.0,13.5,17.0,27.0,34.0,7.0,3.5
1429,1429,01/10/16,2016.0,January,34.0,M,United States,California,Accessories,Tires and Tubes,1.0,52.0,68.0,52.0,68.0,16.0,16.0
1430,1430,01/10/16,2016.0,January,34.0,M,United States,California,Accessories,Tires and Tubes,1.0,650.0,805.0,650.0,805.0,155.0,155.0
1431,1431,01/11/16,2016.0,January,34.0,M,United States,California,Accessories,Tires and Tubes,1.0,700.0,879.0,700.0,879.0,179.0,179.0
1432,1432,01/11/16,2016.0,January,34.0,M,United States,California,Accessories,Tires and Tubes,1.0,145.0,173.0,145.0,173.0,28.0,28.0
1433,1433,01/11/16,2016.0,January,34.0,M,United States,California,Accessories,Helmets,3.0,338.33,449.666667,1015.0,1349.0,334.0,111.33666700000003
1434,1434,01/21/16,2016.0,January,34.0,M,United States,California,Accessories,Helmets,2.0,262.5,317.5,525.0,635.0,110.0,55.0
1435,1435,01/21/16,2016.0,January,34.0,M,United States,California,Clothing,Jerseys,2.0,150.0,168.5,300.0,337.0,37.0,18.5
1436,1436,01/23/16,2016.0,January,34.0,M,United States,California,Accessories,Tires and Tubes,3.0,5.0,6.333333,15.0,19.0,4.0,1.3333329999999997
1437,1437,01/29/16,2016.0,January,34.0,M,United States,California,Accessories,Helmets,1.0,70.0,80.0,70.0,80.0,10.0,10.0
1438,1438,02/06/16,2016.0,February,34.0,M,United States,California,Accessories,Tires and Tubes,3.0,175.0,220.333333,525.0,661.0,136.0,45.33333300000001
1439,1439,02/06/16,2016.0,February,34.0,M,United States,California,Accessories,Tires and Tubes,3.0,36.0,44.333333,108.0,133.0,25.0,8.333333000000003
1440,1440,02/17/16,2016.0,February,34.0,M,United States,California,Accessories,Tires and Tubes,1.0,675.0,864.0,675.0,864.0,189.0,189.0
1441,1441,02/17/16,2016.0,February,34.0,M,United States,California,Accessories,Tires and Tubes,2.0,4.5,5.5,9.0,11.0,2.0,1.0
1442,1442,02/27/16,2016.0,February,34.0,M,United States,California,Clothing,Caps,1.0,63.0,85.0,63.0,85.0,22.0,22.0
1443,1443,03/03/16,2016.0,March,34.0,M,United States,California,Accessories,Helmets,2.0,157.5,190.5,315.0,381.0,66.0,33.0
1444,1444,03/05/16,2016.0,March,34.0,M,United States,California,Clothing,Jerseys,2.0,675.0,914.5,1350.0,1829.0,479.0,239.5
1445,1445,03/14/16,2016.0,March,34.0,M,United States,California,Clothing,Jerseys,2.0,675.0,879.5,1350.0,1759.0,409.0,204.5
1446,1446,03/26/16,2016.0,March,34.0,M,United States,California,Accessories,Tires and Tubes,3.0,40.0,53.0,120.0,159.0,39.0,13.0
1447,1447,03/26/16,2016.0,March,34.0,M,United States,California,Accessories,Tires and Tubes,1.0,15.0,20.0,15.0,20.0,5.0,5.0
1448,1448,04/02/16,2016.0,April,34.0,M,United States,California,Accessories,Tires and Tubes,3.0,10.0,11.666667,30.0,35.0,5.0,1.6666670000000003
1449,1449,04/02/16,2016.0,April,34.0,M,United States,California,Accessories,Tires and Tubes,3.0,19.0,23.333333,57.0,70.0,13.0,4.333333
1450,1450,04/03/16,2016.0,April,34.0,M,United States,California,Accessories,Helmets,2.0,87.5,117.0,175.0,234.0,59.0,29.5
1451,1451,04/06/16,2016.0,April,34.0,M,United States,California,Clothing,Jerseys,2.0,729.0,917.0,1458.0,1834.0,376.0,188.0
1452,1452,04/06/16,2016.0,April,34.0,M,United States,California,Accessories,Helmets,1.0,140.0,170.0,140.0,170.0,30.0,30.0
1453,1453,04/06/16,2016.0,April,34.0,M,United States,California,Accessories,Tires and Tubes,1.0,120.0,152.0,120.0,152.0,32.0,32.0
1454,1454,04/06/16,2016.0,April,34.0,M,United States,California,Accessories,Tires and Tubes,1.0,490.0,670.0,490.0,670.0,180.0,180.0
1455,1455,04/14/16,2016.0,April,34.0,M,United States,California,Accessories,Tires and Tubes,1.0,100.0,122.0,100.0,122.0,22.0,22.0
1456,1456,04/14/16,2016.0,April,34.0,M,United States,California,Accessories,Tires and Tubes,1.0,210.0,266.0,210.0,266.0,56.0,56.0
1457,1457,04/14/16,2016.0,April,34.0,M,United States,California,Accessories,Helmets,3.0,105.0,122.0,315.0,366.0,51.0,17.0
1458,1458,04/25/16,2016.0,April,34.0,M,United States,California,Accessories,Helmets,1.0,420.0,499.0,420.0,499.0,79.0,79.0
1459,1459,04/26/16,2016.0,April,34.0,M,United States,California,Accessories,Tires and Tubes,1.0,406.0,550.0,406.0,550.0,144.0,144.0
1460,1460,04/26/16,2016.0,April,34.0,M,United States,California,Accessories,Tires and Tubes,3.0,43.33,55.0,130.0,165.0,35.0,11.670000000000002
1461,1461,04/26/16,2016.0,April,34.0,M,United States,California,Accessories,Helmets,1.0,385.0,492.0,385.0,492.0,107.0,107.0
1462,1462,05/01/16,2016.0,May,34.0,M,United States,California,Clothing,Jerseys,2.0,27.0,35.0,54.0,70.0,16.0,8.0
1463,1463,05/03/16,2016.0,May,34.0,M,United States,California,Clothing,Caps,3.0,27.0,31.333333,81.0,94.0,13.0,4.333333
1464,1464,05/06/16,2016.0,May,34.0,M,United States,California,Accessories,Tires and Tubes,3.0,43.33,56.333333,130.0,169.0,39.0,13.003333000000005
1465,1465,05/06/16,2016.0,May,34.0,M,United States,California,Accessories,Tires and Tubes,1.0,377.0,437.0,377.0,437.0,60.0,60.0
1466,1466,05/18/16,2016.0,May,34.0,M,United States,California,Clothing,Jerseys,3.0,180.0,239.666667,540.0,719.0,179.0,59.66666699999999
1467,1467,05/25/16,2016.0,May,34.0,M,United States,California,Accessories,Tires and Tubes,2.0,280.0,331.0,560.0,662.0,102.0,51.0
1468,1468,05/25/16,2016.0,May,34.0,M,United States,California,Accessories,Tires and Tubes,2.0,10.0,13.0,20.0,26.0,6.0,3.0
1469,1469,05/25/16,2016.0,May,34.0,M,United States,California,Accessories,Tires and Tubes,2.0,4.5,5.5,9.0,11.0,2.0,1.0
1470,1470,05/26/16,2016.0,May,34.0,M,United States,California,Accessories,Tires and Tubes,3.0,70.0,91.333333,210.0,274.0,64.0,21.333332999999996
1471,1471,05/29/16,2016.0,May,34.0,M,United States,California,Accessories,Tires and Tubes,2.0,225.0,269.5,450.0,539.0,89.0,44.5
1472,1472,05/29/16,2016.0,May,34.0,M,United States,California,Accessories,Tires and Tubes,3.0,33.33,41.333333,100.0,124.0,24.0,8.003333000000005
1473,1473,05/30/16,2016.0,May,34.0,M,United States,California,Accessories,Tires and Tubes,1.0,85.0,106.0,85.0,106.0,21.0,21.0
1474,1474,05/30/16,2016.0,May,34.0,M,United States,California,Accessories,Tires and Tubes,2.0,130.5,155.0,261.0,310.0,49.0,24.5
1475,1475,05/30/16,2016.0,May,34.0,M,United States,California,Accessories,Tires and Tubes,1.0,100.0,133.0,100.0,133.0,33.0,33.0
1476,1476,05/30/16,2016.0,May,34.0,M,United States,California,Accessories,Helmets,3.0,23.33,28.666667,70.0,86.0,16.0,5.336667000000002
1477,1477,06/05/16,2016.0,June,34.0,M,United States,California,Clothing,Jerseys,2.0,351.0,438.0,702.0,876.0,174.0,87.0
1478,1478,06/06/16,2016.0,June,34.0,M,United States,California,Accessories,Tires and Tubes,3.0,8.33,11.0,25.0,33.0,8.0,2.67
1479,1479,06/06/16,2016.0,June,34.0,M,United States,California,Accessories,Helmets,1.0,665.0,826.0,665.0,826.0,161.0,161.0
1480,1480,06/11/16,2016.0,June,34.0,M,United States,California,Accessories,Tires and Tubes,3.0,183.33,207.333333,550.0,622.0,72.0,24.003332999999998
1481,1481,06/11/16,2016.0,June,34.0,M,United States,California,Accessories,Tires and Tubes,3.0,7.67,9.333333,23.0,28.0,5.0,1.6633329999999997
1482,1482,06/19/16,2016.0,June,34.0,M,United States,California,Accessories,Tires and Tubes,3.0,140.0,155.333333,420.0,466.0,46.0,15.33333300000001
1483,1483,06/19/16,2016.0,June,34.0,M,United States,California,Accessories,Tires and Tubes,2.0,70.0,89.5,140.0,179.0,39.0,19.5
1484,1484,06/19/16,2016.0,June,34.0,M,United States,California,Accessories,Tires and Tubes,1.0,25.0,30.0,25.0,30.0,5.0,5.0
1485,1485,06/21/16,2016.0,June,34.0,M,United States,California,Accessories,Tires and Tubes,3.0,270.0,313.0,810.0,939.0,129.0,43.0
1486,1486,06/21/16,2016.0,June,34.0,M,United States,California,Accessories,Tires and Tubes,1.0,55.0,59.0,55.0,59.0,4.0,4.0
1487,1487,06/22/16,2016.0,June,34.0,M,United States,California,Accessories,Tires and Tubes,1.0,11.0,13.0,11.0,13.0,2.0,2.0
1488,1488,06/22/16,2016.0,June,34.0,M,United States,California,Accessories,Tires and Tubes,3.0,12.0,15.0,36.0,45.0,9.0,3.0
1489,1489,06/22/16,2016.0,June,34.0,M,United States,California,Accessories,Tires and Tubes,1.0,815.0,1041.0,815.0,1041.0,226.0,226.0
1490,1490,06/22/16,2016.0,June,34.0,M,United States,California,Clothing,Jerseys,2.0,432.0,509.0,864.0,1018.0,154.0,77.0
1491,1491,06/22/16,2016.0,June,34.0,M,United States,California,Clothing,Caps,3.0,60.0,73.0,180.0,219.0,39.0,13.0
1492,1492,06/23/16,2016.0,June,34.0,M,United States,California,Accessories,Tires and Tubes,3.0,76.0,94.333333,228.0,283.0,55.0,18.333332999999996
1493,1493,06/23/16,2016.0,June,34.0,M,United States,California,Accessories,Tires and Tubes,2.0,14.0,17.5,28.0,35.0,7.0,3.5
1494,1494,06/23/16,2016.0,June,34.0,M,United States,California,Accessories,Helmets,3.0,151.67,209.0,455.0,627.0,172.0,57.33000000000001
1495,1495,07/28/16,2016.0,July,34.0,M,United States,California,Accessories,Tires and Tubes,2.0,137.5,158.0,275.0,316.0,41.0,20.5
1496,1496,07/28/16,2016.0,July,34.0,M,United States,California,Accessories,Tires and Tubes,1.0,37.0,45.0,37.0,45.0,8.0,8.0
1497,1497,08/06/15,2015.0,August,34.0,M,United States,California,Clothing,Jerseys,1.0,54.0,52.0,54.0,52.0,-2.0,-2.0
1498,1498,08/06/15,2015.0,August,34.0,M,United States,California,Clothing,Caps,2.0,108.0,123.0,216.0,246.0,30.0,15.0
1499,1499,08/17/15,2015.0,August,34.0,M,United States,California,Clothing,Caps,3.0,87.0,83.0,261.0,249.0,-12.0,-4.0
1500,1500,08/22/15,2015.0,August,34.0,M,United States,California,Accessories,Tires and Tubes,1.0,301.0,349.0,301.0,349.0,48.0,48.0
1501,1501,08/22/15,2015.0,August,34.0,M,United States,California,Accessories,Tires and Tubes,1.0,27.0,32.0,27.0,32.0,5.0,5.0
1502,1502,09/02/15,2015.0,September,34.0,M,United States,California,Accessories,Tires and Tubes,1.0,35.0,36.0,35.0,36.0,1.0,1.0
1503,1503,09/09/15,2015.0,September,34.0,M,United States,California,Accessories,Tires and Tubes,3.0,338.33,337.333333,1015.0,1012.0,-3.0,-0.9966670000000022
1504,1504,09/17/15,2015.0,September,34.0,M,United States,California,Clothing,Jerseys,2.0,675.0,650.5,1350.0,1301.0,-49.0,-24.5
1505,1505,10/14/15,2015.0,October,34.0,M,United States,California,Clothing,Caps,1.0,135.0,160.0,135.0,160.0,25.0,25.0
1506,1506,10/26/15,2015.0,October,34.0,M,United States,California,Clothing,Jerseys,2.0,243.0,283.0,486.0,566.0,80.0,40.0
1507,1507,10/29/15,2015.0,October,34.0,M,United States,California,Accessories,Tires and Tubes,2.0,45.0,49.5,90.0,99.0,9.0,4.5
1508,1508,10/29/15,2015.0,October,34.0,M,United States,California,Accessories,Tires and Tubes,2.0,350.0,393.5,700.0,787.0,87.0,43.5
1509,1509,11/01/15,2015.0,November,34.0,M,United States,California,Clothing,Caps,1.0,243.0,245.0,243.0,245.0,2.0,2.0
1510,1510,11/03/15,2015.0,November,34.0,M,United States,California,Accessories,Tires and Tubes,2.0,159.5,194.5,319.0,389.0,70.0,35.0
1511,1511,11/05/15,2015.0,November,34.0,M,United States,California,Accessories,Tires and Tubes,3.0,105.0,117.666667,315.0,353.0,38.0,12.666667000000004
1512,1512,11/05/15,2015.0,November,34.0,M,United States,California,Accessories,Tires and Tubes,2.0,25.0,24.5,50.0,49.0,-1.0,-0.5
1513,1513,11/05/15,2015.0,November,34.0,M,United States,California,Accessories,Helmets,3.0,256.67,292.0,770.0,876.0,106.0,35.329999999999984
1514,1514,11/08/15,2015.0,November,34.0,M,United States,California,Clothing,Jerseys,2.0,525.0,519.0,1050.0,1038.0,-12.0,-6.0
1515,1515,11/08/15,2015.0,November,34.0,M,United States,California,Clothing,Caps,3.0,18.0,17.0,54.0,51.0,-3.0,-1.0
1516,1516,11/19/15,2015.0,November,34.0,M,United States,California,Accessories,Helmets,2.0,175.0,185.0,350.0,370.0,20.0,10.0
1517,1517,11/20/15,2015.0,November,34.0,M,United States,California,Accessories,Tires and Tubes,3.0,232.0,253.333333,696.0,760.0,64.0,21.33333300000001
1518,1518,11/20/15,2015.0,November,34.0,M,United States,California,Clothing,Caps,2.0,117.0,131.0,234.0,262.0,28.0,14.0
1519,1519,11/20/15,2015.0,November,34.0,M,United States,California,Accessories,Tires and Tubes,1.0,75.0,94.0,75.0,94.0,19.0,19.0
1520,1520,11/22/15,2015.0,November,34.0,M,United States,California,Accessories,Helmets,2.0,17.5,18.5,35.0,37.0,2.0,1.0
1521,1521,11/30/15,2015.0,November,34.0,M,United States,California,Clothing,Jerseys,1.0,100.0,132.0,100.0,132.0,32.0,32.0
1522,1522,12/02/15,2015.0,December,34.0,M,United States,California,Accessories,Helmets,3.0,116.67,131.333333,350.0,394.0,44.0,14.663333000000009
1523,1523,12/11/15,2015.0,December,34.0,M,United States,California,Accessories,Tires and Tubes,3.0,46.67,53.333333,140.0,160.0,20.0,6.6633330000000015
1524,1524,12/11/15,2015.0,December,34.0,M,United States,California,Accessories,Tires and Tubes,2.0,72.5,76.5,145.0,153.0,8.0,4.0
1525,1525,12/11/15,2015.0,December,34.0,M,United States,California,Accessories,Helmets,3.0,140.0,151.333333,420.0,454.0,34.0,11.33333300000001
1526,1526,12/11/15,2015.0,December,34.0,M,United States,California,Accessories,Tires and Tubes,2.0,17.5,19.0,35.0,38.0,3.0,1.5
1527,1527,12/11/15,2015.0,December,34.0,M,United States,California,Accessories,Helmets,3.0,140.0,155.666667,420.0,467.0,47.0,15.66666699999999
1528,1528,12/16/15,2015.0,December,34.0,M,United States,California,Accessories,Tires and Tubes,2.0,55.0,55.5,110.0,111.0,1.0,0.5
1529,1529,12/18/15,2015.0,December,34.0,M,United States,California,Accessories,Tires and Tubes,2.0,4.5,5.0,9.0,10.0,1.0,0.5
1530,1530,12/18/15,2015.0,December,34.0,M,United States,California,Clothing,Jerseys,1.0,810.0,910.0,810.0,910.0,100.0,100.0
1531,1531,12/21/15,2015.0,December,34.0,M,United States,California,Accessories,Tires and Tubes,2.0,46.0,50.5,92.0,101.0,9.0,4.5
1532,1532,12/21/15,2015.0,December,34.0,M,United States,California,Accessories,Tires and Tubes,3.0,65.33,73.666667,196.0,221.0,25.0,8.336667000000006
1533,1533,12/21/15,2015.0,December,34.0,M,United States,California,Accessories,Helmets,3.0,35.0,39.666667,105.0,119.0,14.0,4.666666999999997
1534,1534,12/25/15,2015.0,December,34.0,M,United States,California,Accessories,Tires and Tubes,2.0,180.0,185.5,360.0,371.0,11.0,5.5
1535,1535,12/25/15,2015.0,December,34.0,M,United States,California,Accessories,Tires and Tubes,2.0,32.0,32.5,64.0,65.0,1.0,0.5
1536,1536,12/25/15,2015.0,December,34.0,M,United States,California,Clothing,Jerseys,2.0,351.0,357.0,702.0,714.0,12.0,6.0
1537,1537,12/27/15,2015.0,December,34.0,M,United States,California,Accessories,Tires and Tubes,2.0,330.0,319.5,660.0,639.0,-21.0,-10.5
1538,1538,11/25/15,2015.0,November,34.0,F,United States,California,Accessories,Hydration Packs,1.0,1430.0,1493.0,1430.0,1493.0,63.0,63.0
1539,1539,01/04/16,2016.0,January,35.0,F,United States,California,Accessories,Tires and Tubes,2.0,122.5,158.5,245.0,317.0,72.0,36.0
1540,1540,01/04/16,2016.0,January,35.0,F,United States,California,Accessories,Tires and Tubes,2.0,297.5,391.5,595.0,783.0,188.0,94.0
1541,1541,01/04/16,2016.0,January,35.0,F,United States,California,Accessories,Tires and Tubes,3.0,9.0,11.0,27.0,33.0,6.0,2.0
1542,1542,01/21/16,2016.0,January,35.0,F,United States,California,Clothing,Caps,1.0,243.0,275.0,243.0,275.0,32.0,32.0
1543,1543,02/05/16,2016.0,February,35.0,F,United States,California,Accessories,Tires and Tubes,3.0,33.33,43.0,100.0,129.0,29.0,9.670000000000002
1544,1544,02/23/16,2016.0,February,35.0,F,United States,California,Accessories,Tires and Tubes,3.0,25.0,34.0,75.0,102.0,27.0,9.0
1545,1545,02/25/16,2016.0,February,35.0,F,United States,California,Accessories,Tires and Tubes,2.0,34.0,43.5,68.0,87.0,19.0,9.5
1546,1546,02/25/16,2016.0,February,35.0,F,United States,California,Accessories,Tires and Tubes,2.0,236.5,289.0,473.0,578.0,105.0,52.5
1547,1547,03/01/16,2016.0,March,35.0,F,United States,California,Clothing,Jerseys,3.0,90.0,111.333333,270.0,334.0,64.0,21.333332999999996
1548,1548,03/17/16,2016.0,March,35.0,F,United States,California,Accessories,Tires and Tubes,2.0,13.5,17.5,27.0,35.0,8.0,4.0
1549,1549,03/24/16,2016.0,March,35.0,F,United States,California,Accessories,Tires and Tubes,1.0,129.0,152.0,129.0,152.0,23.0,23.0
1550,1550,03/24/16,2016.0,March,35.0,F,United States,California,Clothing,Caps,2.0,81.0,104.0,162.0,208.0,46.0,23.0
1551,1551,04/23/16,2016.0,April,35.0,F,United States,California,Clothing,Jerseys,1.0,1350.0,1739.0,1350.0,1739.0,389.0,389.0
1552,1552,04/27/16,2016.0,April,35.0,F,United States,California,Clothing,Caps,2.0,13.5,17.0,27.0,34.0,7.0,3.5
1553,1553,05/05/16,2016.0,May,35.0,F,United States,California,Clothing,Caps,3.0,75.0,88.333333,225.0,265.0,40.0,13.333332999999996
1554,1554,05/17/16,2016.0,May,35.0,F,United States,California,Accessories,Tires and Tubes,1.0,735.0,932.0,735.0,932.0,197.0,197.0
1555,1555,05/17/16,2016.0,May,35.0,F,United States,California,Accessories,Tires and Tubes,3.0,41.67,51.333333,125.0,154.0,29.0,9.663333000000002
1556,1556,05/21/16,2016.0,May,35.0,F,United States,California,Accessories,Tires and Tubes,1.0,630.0,783.0,630.0,783.0,153.0,153.0
1557,1557,05/21/16,2016.0,May,35.0,F,United States,California,Accessories,Tires and Tubes,3.0,5.0,6.666667,15.0,20.0,5.0,1.6666670000000003
1558,1558,05/26/16,2016.0,May,35.0,F,United States,California,Clothing,Jerseys,2.0,270.0,330.0,540.0,660.0,120.0,60.0
1559,1559,05/26/16,2016.0,May,35.0,F,United States,California,Clothing,Caps,2.0,72.0,104.5,144.0,209.0,65.0,32.5
1560,1560,06/14/16,2016.0,June,35.0,F,United States,California,Accessories,Tires and Tubes,1.0,1050.0,1247.0,1050.0,1247.0,197.0,197.0
1561,1561,06/19/16,2016.0,June,35.0,F,United States,California,Clothing,Jerseys,2.0,297.0,363.0,594.0,726.0,132.0,66.0
1562,1562,06/19/16,2016.0,June,35.0,F,United States,California,Clothing,Caps,2.0,63.0,68.0,126.0,136.0,10.0,5.0
1563,1563,06/23/16,2016.0,June,35.0,F,United States,California,Clothing,Caps,3.0,45.0,54.0,135.0,162.0,27.0,9.0
1564,1564,06/25/16,2016.0,June,35.0,F,United States,California,Accessories,Tires and Tubes,3.0,8.33,11.333333,25.0,34.0,9.0,3.0033329999999996
1565,1565,06/26/16,2016.0,June,35.0,F,United States,California,Accessories,Tires and Tubes,2.0,11.5,14.0,23.0,28.0,5.0,2.5
1566,1566,06/27/16,2016.0,June,35.0,F,United States,California,Accessories,Tires and Tubes,3.0,35.0,48.666667,105.0,146.0,41.0,13.666666999999997
1567,1567,06/28/16,2016.0,June,35.0,F,United States,California,Accessories,Tires and Tubes,3.0,26.67,33.333333,80.0,100.0,20.0,6.6633330000000015
1568,1568,06/28/16,2016.0,June,35.0,F,United States,California,Accessories,Tires and Tubes,3.0,175.0,213.666667,525.0,641.0,116.0,38.66666699999999
1569,1569,06/28/16,2016.0,June,35.0,F,United States,California,Clothing,Jerseys,1.0,900.0,1163.0,900.0,1163.0,263.0,263.0
1570,1570,06/29/16,2016.0,June,35.0,F,United States,California,Clothing,Caps,3.0,72.0,87.666667,216.0,263.0,47.0,15.666667000000004
1571,1571,07/02/16,2016.0,July,35.0,F,United States,California,Clothing,Jerseys,2.0,378.0,493.0,756.0,986.0,230.0,115.0
1572,1572,07/04/16,2016.0,July,35.0,F,United States,California,Accessories,Tires and Tubes,1.0,20.0,26.0,20.0,26.0,6.0,6.0
1573,1573,07/04/16,2016.0,July,35.0,F,United States,California,Accessories,Tires and Tubes,2.0,19.5,24.0,39.0,48.0,9.0,4.5
1574,1574,07/16/16,2016.0,July,35.0,F,United States,California,Clothing,Caps,3.0,12.0,13.333333,36.0,40.0,4.0,1.3333329999999997
1575,1575,07/30/16,2016.0,July,35.0,F,United States,California,Accessories,Tires and Tubes,3.0,26.67,35.666667,80.0,107.0,27.0,8.996666999999995
1576,1576,07/30/16,2016.0,July,35.0,F,United States,California,Accessories,Tires and Tubes,2.0,43.0,52.0,86.0,104.0,18.0,9.0
1577,1577,07/05/15,2015.0,July,35.0,F,United States,California,Accessories,Tires and Tubes,3.0,24.0,23.0,72.0,69.0,-3.0,-1.0
1578,1578,07/05/15,2015.0,July,35.0,F,United States,California,Accessories,Tires and Tubes,1.0,489.0,491.0,489.0,491.0,2.0,2.0
1579,1579,07/09/15,2015.0,July,35.0,F,United States,California,Accessories,Tires and Tubes,3.0,8.33,8.666667,25.0,26.0,1.0,0.33666700000000027
1580,1580,08/10/15,2015.0,August,35.0,F,United States,California,Accessories,Tires and Tubes,2.0,27.5,32.5,55.0,65.0,10.0,5.0
1581,1581,08/20/15,2015.0,August,35.0,F,United States,California,Clothing,Jerseys,2.0,75.0,73.0,150.0,146.0,-4.0,-2.0
1582,1582,08/22/15,2015.0,August,35.0,F,United States,California,Clothing,Jerseys,3.0,216.0,273.333333,648.0,820.0,172.0,57.33333299999998
1583,1583,09/09/15,2015.0,September,35.0,F,United States,California,Accessories,Tires and Tubes,2.0,45.0,46.0,90.0,92.0,2.0,1.0
1584,1584,09/28/15,2015.0,September,35.0,F,United States,California,Clothing,Jerseys,2.0,600.0,596.0,1200.0,1192.0,-8.0,-4.0
1585,1585,10/08/15,2015.0,October,35.0,F,United States,California,Accessories,Tires and Tubes,1.0,120.0,133.0,120.0,133.0,13.0,13.0
1586,1586,10/08/15,2015.0,October,35.0,F,United States,California,Accessories,Tires and Tubes,3.0,338.33,398.333333,1015.0,1195.0,180.0,60.003333
1587,1587,10/08/15,2015.0,October,35.0,F,United States,California,Accessories,Tires and Tubes,3.0,3.67,4.333333,11.0,13.0,2.0,0.6633329999999997
1588,1588,11/03/15,2015.0,November,35.0,F,United States,California,Accessories,Tires and Tubes,3.0,93.33,94.333333,280.0,283.0,3.0,1.0033329999999978
1589,1589,11/03/15,2015.0,November,35.0,F,United States,California,Accessories,Tires and Tubes,1.0,55.0,56.0,55.0,56.0,1.0,1.0
1590,1590,11/07/15,2015.0,November,35.0,F,United States,California,Accessories,Tires and Tubes,2.0,2.0,2.5,4.0,5.0,1.0,0.5
1591,1591,11/07/15,2015.0,November,35.0,F,United States,California,Accessories,Tires and Tubes,2.0,391.0,425.0,782.0,850.0,68.0,34.0
1592,1592,11/07/15,2015.0,November,35.0,F,United States,California,Accessories,Tires and Tubes,2.0,18.5,19.0,37.0,38.0,1.0,0.5
1593,1593,11/15/15,2015.0,November,35.0,F,United States,California,Accessories,Tires and Tubes,1.0,95.0,102.0,95.0,102.0,7.0,7.0
1594,1594,11/15/15,2015.0,November,35.0,F,United States,California,Accessories,Tires and Tubes,2.0,175.0,176.0,350.0,352.0,2.0,1.0
1595,1595,11/16/15,2015.0,November,35.0,F,United States,California,Accessories,Tires and Tubes,1.0,560.0,610.0,560.0,610.0,50.0,50.0
1596,1596,11/28/15,2015.0,November,35.0,F,United States,California,Clothing,Caps,3.0,90.0,96.333333,270.0,289.0,19.0,6.333332999999996
1597,1597,12/20/15,2015.0,December,35.0,F,United States,California,Accessories,Tires and Tubes,2.0,250.0,265.0,500.0,530.0,30.0,15.0
1598,1598,12/20/15,2015.0,December,35.0,F,United States,California,Accessories,Tires and Tubes,1.0,41.0,45.0,41.0,45.0,4.0,4.0
1599,1599,12/21/15,2015.0,December,35.0,F,United States,California,Accessories,Tires and Tubes,1.0,280.0,316.0,280.0,316.0,36.0,36.0
1600,1600,04/15/16,2016.0,April,36.0,M,United States,Oregon,Clothing,Vests,2.0,921.0,1225.0,1842.0,2450.0,608.0,304.0
1601,1601,06/30/16,2016.0,June,36.0,M,United States,Oregon,Clothing,Vests,3.0,317.67,445.0,953.0,1335.0,382.0,127.32999999999998
1602,1602,04/13/16,2016.0,April,36.0,F,United States,Oregon,Accessories,Tires and Tubes,3.0,116.67,145.0,350.0,435.0,85.0,28.33
1603,1603,04/13/16,2016.0,April,36.0,F,United States,Oregon,Accessories,Tires and Tubes,1.0,5.0,6.0,5.0,6.0,1.0,1.0
1604,1604,06/02/16,2016.0,June,36.0,F,United States,Oregon,Clothing,Jerseys,1.0,350.0,382.0,350.0,382.0,32.0,32.0
1605,1605,07/26/16,2016.0,July,36.0,F,United States,Oregon,Clothing,Jerseys,1.0,800.0,942.0,800.0,942.0,142.0,142.0
1606,1606,08/12/15,2015.0,August,36.0,F,United States,Oregon,Accessories,Tires and Tubes,2.0,10.0,10.5,20.0,21.0,1.0,0.5
1607,1607,09/07/15,2015.0,September,36.0,F,United States,Oregon,Accessories,Tires and Tubes,3.0,93.33,102.0,280.0,306.0,26.0,8.670000000000002
1608,1608,09/07/15,2015.0,September,36.0,F,United States,Oregon,Accessories,Tires and Tubes,3.0,16.0,17.333333,48.0,52.0,4.0,1.3333329999999997
1609,1609,09/22/15,2015.0,September,36.0,F,United States,Oregon,Clothing,Jerseys,2.0,270.0,252.5,540.0,505.0,-35.0,-17.5
1610,1610,09/22/15,2015.0,September,36.0,F,United States,Oregon,Clothing,Caps,1.0,81.0,76.0,81.0,76.0,-5.0,-5.0
1611,1611,10/07/15,2015.0,October,36.0,F,United States,Oregon,Accessories,Tires and Tubes,2.0,390.0,424.5,780.0,849.0,69.0,34.5
1612,1612,10/16/15,2015.0,October,36.0,F,United States,Oregon,Accessories,Tires and Tubes,2.0,30.0,30.0,60.0,60.0,0.0,0.0
1613,1613,10/16/15,2015.0,October,36.0,F,United States,Oregon,Accessories,Tires and Tubes,3.0,0.67,1.0,2.0,3.0,1.0,0.32999999999999996
1614,1614,10/28/15,2015.0,October,36.0,F,United States,Oregon,Clothing,Jerseys,2.0,243.0,262.0,486.0,524.0,38.0,19.0
1615,1615,12/22/15,2015.0,December,36.0,F,United States,Oregon,Accessories,Tires and Tubes,2.0,163.0,171.5,326.0,343.0,17.0,8.5
1616,1616,01/31/16,2016.0,January,37.0,M,United States,Washington,Clothing,Gloves,3.0,179.67,238.333333,539.0,715.0,176.0,58.66333300000002
1617,1617,03/27/16,2016.0,March,37.0,M,United States,Washington,Clothing,Gloves,2.0,367.5,452.5,735.0,905.0,170.0,85.0
1618,1618,02/21/16,2016.0,February,30.0,M,United States,Washington,Clothing,Jerseys,2.0,50.0,67.0,100.0,134.0,34.0,17.0
1619,1619,07/19/16,2016.0,July,30.0,M,United States,Washington,Clothing,Jerseys,2.0,378.0,422.0,756.0,844.0,88.0,44.0
1620,1620,11/03/15,2015.0,November,30.0,M,United States,Washington,Clothing,Jerseys,2.0,135.0,139.5,270.0,279.0,9.0,4.5
1621,1621,05/01/16,2016.0,May,30.0,M,United States,Washington,Accessories,Fenders,2.0,329.5,409.0,659.0,818.0,159.0,79.5
1622,1622,06/09/16,2016.0,June,30.0,M,United States,Washington,Accessories,Fenders,3.0,36.67,48.666667,110.0,146.0,36.0,11.996666999999995
1623,1623,02/15/16,2016.0,February,37.0,F,United States,California,Clothing,Gloves,1.0,122.0,172.0,122.0,172.0,50.0,50.0
1624,1624,02/17/16,2016.0,February,37.0,F,United States,California,Clothing,Gloves,1.0,661.0,736.0,661.0,736.0,75.0,75.0
1625,1625,04/28/16,2016.0,April,37.0,F,United States,California,Clothing,Gloves,1.0,441.0,525.0,441.0,525.0,84.0,84.0
1626,1626,02/16/16,2016.0,February,38.0,M,United States,Ohio,Accessories,Helmets,1.0,1050.0,1351.0,1050.0,1351.0,301.0,301.0
1627,1627,02/16/16,2016.0,February,38.0,M,United States,Ohio,Clothing,Vests,1.0,1842.0,1950.0,1842.0,1950.0,108.0,108.0
1628,1628,12/11/15,2015.0,December,38.0,M,United States,Ohio,Accessories,Tires and Tubes,2.0,507.5,546.5,1015.0,1093.0,78.0,39.0
1629,1629,12/11/15,2015.0,December,38.0,M,United States,Ohio,Accessories,Tires and Tubes,3.0,21.67,22.333333,65.0,67.0,2.0,0.663332999999998
1630,1630,12/11/15,2015.0,December,38.0,M,United States,Ohio,Accessories,Helmets,1.0,875.0,967.0,875.0,967.0,92.0,92.0
1631,1631,03/04/16,2016.0,March,38.0,F,United States,California,Accessories,Bike Racks,2.0,240.0,290.5,480.0,581.0,101.0,50.5
1632,1632,05/30/16,2016.0,May,38.0,F,United States,California,Accessories,Bike Racks,1.0,240.0,274.0,240.0,274.0,34.0,34.0
1633,1633,06/28/16,2016.0,June,38.0,F,United States,California,Accessories,Bike Racks,3.0,400.0,505.0,1200.0,1515.0,315.0,105.0
1634,1634,07/10/16,2016.0,July,38.0,F,United States,California,Accessories,Bike Racks,1.0,1560.0,2073.0,1560.0,2073.0,513.0,513.0
1635,1635,01/30/16,2016.0,January,38.0,F,United States,Washington,Accessories,Tires and Tubes,1.0,870.0,1090.0,870.0,1090.0,220.0,220.0
1636,1636,01/30/16,2016.0,January,38.0,F,United States,Washington,Accessories,Tires and Tubes,3.0,26.67,33.0,80.0,99.0,19.0,6.329999999999998
1637,1637,01/30/16,2016.0,January,38.0,F,United States,Washington,Accessories,Tires and Tubes,1.0,23.0,26.0,23.0,26.0,3.0,3.0
1638,1638,02/02/16,2016.0,February,38.0,F,United States,Washington,Accessories,Tires and Tubes,1.0,580.0,735.0,580.0,735.0,155.0,155.0
1639,1639,02/02/16,2016.0,February,38.0,F,United States,Washington,Accessories,Tires and Tubes,1.0,110.0,137.0,110.0,137.0,27.0,27.0
1640,1640,02/02/16,2016.0,February,38.0,F,United States,Washington,Accessories,Tires and Tubes,1.0,48.0,59.0,48.0,59.0,11.0,11.0
1641,1641,03/05/16,2016.0,March,38.0,F,United States,Washington,Accessories,Helmets,3.0,175.0,224.666667,525.0,674.0,149.0,49.66666699999999
1642,1642,04/06/16,2016.0,April,38.0,F,United States,Washington,Accessories,Tires and Tubes,2.0,1.0,1.5,2.0,3.0,1.0,0.5
1643,1643,04/08/16,2016.0,April,38.0,F,United States,Washington,Accessories,Tires and Tubes,2.0,179.5,232.0,359.0,464.0,105.0,52.5
1644,1644,04/08/16,2016.0,April,38.0,F,United States,Washington,Accessories,Tires and Tubes,2.0,31.0,38.0,62.0,76.0,14.0,7.0
1645,1645,04/19/16,2016.0,April,38.0,F,United States,Washington,Accessories,Helmets,3.0,23.33,26.333333,70.0,79.0,9.0,3.0033330000000014
1646,1646,04/23/16,2016.0,April,38.0,F,United States,Washington,Accessories,Tires and Tubes,2.0,118.0,142.0,236.0,284.0,48.0,24.0
1647,1647,05/12/16,2016.0,May,38.0,F,United States,Washington,Accessories,Tires and Tubes,2.0,58.0,75.0,116.0,150.0,34.0,17.0
1648,1648,05/12/16,2016.0,May,38.0,F,United States,Washington,Accessories,Tires and Tubes,1.0,25.0,28.0,25.0,28.0,3.0,3.0
1649,1649,05/13/16,2016.0,May,38.0,F,United States,Washington,Accessories,Tires and Tubes,3.0,207.67,270.666667,623.0,812.0,189.0,62.99666700000003
1650,1650,05/17/16,2016.0,May,38.0,F,United States,Washington,Accessories,Helmets,2.0,105.0,134.0,210.0,268.0,58.0,29.0
1651,1651,05/27/16,2016.0,May,38.0,F,United States,Washington,Accessories,Tires and Tubes,1.0,85.0,105.0,85.0,105.0,20.0,20.0
1652,1652,06/04/16,2016.0,June,38.0,F,United States,Washington,Accessories,Helmets,1.0,105.0,143.0,105.0,143.0,38.0,38.0
1653,1653,06/14/16,2016.0,June,38.0,F,United States,Washington,Accessories,Helmets,2.0,192.5,262.5,385.0,525.0,140.0,70.0
1654,1654,06/24/16,2016.0,June,38.0,F,United States,Washington,Accessories,Helmets,1.0,315.0,405.0,315.0,405.0,90.0,90.0
1655,1655,07/01/16,2016.0,July,38.0,F,United States,Washington,Accessories,Helmets,2.0,105.0,134.5,210.0,269.0,59.0,29.5
1656,1656,08/03/15,2015.0,August,38.0,F,United States,Washington,Accessories,Tires and Tubes,2.0,100.0,115.0,200.0,230.0,30.0,15.0
1657,1657,08/21/15,2015.0,August,38.0,F,United States,Washington,Accessories,Tires and Tubes,1.0,175.0,182.0,175.0,182.0,7.0,7.0
1658,1658,08/21/15,2015.0,August,38.0,F,United States,Washington,Accessories,Tires and Tubes,3.0,30.0,33.0,90.0,99.0,9.0,3.0
1659,1659,08/21/15,2015.0,August,38.0,F,United States,Washington,Accessories,Helmets,2.0,157.5,183.0,315.0,366.0,51.0,25.5
1660,1660,08/25/15,2015.0,August,38.0,F,United States,Washington,Accessories,Tires and Tubes,2.0,507.5,583.5,1015.0,1167.0,152.0,76.0
1661,1661,08/25/15,2015.0,August,38.0,F,United States,Washington,Accessories,Tires and Tubes,1.0,90.0,89.0,90.0,89.0,-1.0,-1.0
1662,1662,08/25/15,2015.0,August,38.0,F,United States,Washington,Accessories,Tires and Tubes,3.0,17.67,19.0,53.0,57.0,4.0,1.3299999999999983
1663,1663,08/28/15,2015.0,August,38.0,F,United States,Washington,Accessories,Tires and Tubes,1.0,245.0,247.0,245.0,247.0,2.0,2.0
1664,1664,08/28/15,2015.0,August,38.0,F,United States,Washington,Accessories,Tires and Tubes,3.0,13.33,13.666667,40.0,41.0,1.0,0.33666700000000027
1665,1665,08/28/15,2015.0,August,38.0,F,United States,Washington,Accessories,Helmets,3.0,315.0,351.0,945.0,1053.0,108.0,36.0
1666,1666,08/29/15,2015.0,August,38.0,F,United States,Washington,Accessories,Tires and Tubes,2.0,225.0,243.0,450.0,486.0,36.0,18.0
1667,1667,09/03/15,2015.0,September,38.0,F,United States,Washington,Accessories,Tires and Tubes,1.0,425.0,471.0,425.0,471.0,46.0,46.0
1668,1668,10/22/15,2015.0,October,38.0,F,United States,Washington,Accessories,Helmets,1.0,35.0,41.0,35.0,41.0,6.0,6.0
1669,1669,11/03/15,2015.0,November,38.0,F,United States,Washington,Accessories,Tires and Tubes,1.0,105.0,116.0,105.0,116.0,11.0,11.0
1670,1670,11/03/15,2015.0,November,38.0,F,United States,Washington,Accessories,Helmets,1.0,455.0,505.0,455.0,505.0,50.0,50.0
1671,1671,11/12/15,2015.0,November,38.0,F,United States,Washington,Accessories,Tires and Tubes,1.0,100.0,105.0,100.0,105.0,5.0,5.0
1672,1672,12/03/15,2015.0,December,38.0,F,United States,Washington,Accessories,Tires and Tubes,2.0,2.5,2.5,5.0,5.0,0.0,0.0
1673,1673,12/03/15,2015.0,December,38.0,F,United States,Washington,Accessories,Tires and Tubes,1.0,240.0,265.0,240.0,265.0,25.0,25.0
1674,1674,12/03/15,2015.0,December,38.0,F,United States,Washington,Accessories,Tires and Tubes,2.0,32.0,37.0,64.0,74.0,10.0,5.0
1675,1675,05/20/16,2016.0,May,38.0,M,United States,California,Accessories,Fenders,2.0,198.0,278.0,396.0,556.0,160.0,80.0
1676,1676,06/04/16,2016.0,June,38.0,M,United States,California,Accessories,Fenders,1.0,242.0,301.0,242.0,301.0,59.0,59.0
1677,1677,06/06/16,2016.0,June,38.0,M,United States,California,Accessories,Fenders,3.0,14.67,18.0,44.0,54.0,10.0,3.33
1678,1678,06/19/16,2016.0,June,38.0,M,United States,California,Accessories,Fenders,1.0,22.0,25.0,22.0,25.0,3.0,3.0
1679,1679,07/15/16,2016.0,July,38.0,M,United States,California,Accessories,Fenders,1.0,528.0,677.0,528.0,677.0,149.0,149.0
1680,1680,07/22/16,2016.0,July,38.0,M,United States,California,Accessories,Fenders,2.0,209.0,249.0,418.0,498.0,80.0,40.0
1681,1681,04/06/16,2016.0,April,38.0,F,United States,California,Accessories,Bike Stands,2.0,477.0,604.5,954.0,1209.0,255.0,127.5
1682,1682,04/26/16,2016.0,April,38.0,F,United States,California,Accessories,Fenders,1.0,198.0,265.0,198.0,265.0,67.0,67.0
1683,1683,05/30/16,2016.0,May,38.0,F,United States,California,Bikes,Mountain Bikes,2.0,1147.5,1237.0,2295.0,2474.0,179.0,89.5
1684,1684,02/09/15,2015.0,February,38.0,F,United States,California,Bikes,Mountain Bikes,1.0,2071.0,2188.0,2071.0,2188.0,117.0,117.0
1685,1685,06/13/15,2015.0,June,38.0,F,United States,California,Bikes,Mountain Bikes,3.0,690.33,681.0,2071.0,2043.0,-28.0,-9.330000000000041
1686,1686,06/30/15,2015.0,June,38.0,F,United States,California,Bikes,Mountain Bikes,1.0,2071.0,1959.0,2071.0,1959.0,-112.0,-112.0
1687,1687,08/24/15,2015.0,August,38.0,F,United States,California,Bikes,Mountain Bikes,1.0,2320.0,2290.0,2320.0,2290.0,-30.0,-30.0
1688,1688,08/24/15,2015.0,August,38.0,F,United States,California,Accessories,Bike Stands,2.0,159.0,187.5,318.0,375.0,57.0,28.5
1689,1689,09/02/15,2015.0,September,38.0,F,United States,California,Bikes,Mountain Bikes,3.0,765.0,800.666667,2295.0,2402.0,107.0,35.66666699999996
1690,1690,12/20/15,2015.0,December,38.0,F,United States,California,Bikes,Mountain Bikes,2.0,1147.5,1153.5,2295.0,2307.0,12.0,6.0
1691,1691,01/25/16,2016.0,January,24.0,M,United States,Washington,Clothing,Gloves,1.0,196.0,275.0,196.0,275.0,79.0,79.0
1692,1692,11/16/15,2015.0,November,24.0,M,United States,Washington,Bikes,Mountain Bikes,1.0,2320.0,2152.0,2320.0,2152.0,-168.0,-168.0
1693,1693,01/09/15,2015.0,January,24.0,F,United States,California,Bikes,Mountain Bikes,3.0,690.33,680.666667,2071.0,2042.0,-29.0,-9.66333300000008
1694,1694,02/17/15,2015.0,February,24.0,F,United States,California,Bikes,Mountain Bikes,2.0,1024.5,962.5,2049.0,1925.0,-124.0,-62.0
1695,1695,02/19/15,2015.0,February,24.0,F,United States,California,Bikes,Mountain Bikes,2.0,1024.5,887.0,2049.0,1774.0,-275.0,-137.5
1696,1696,02/21/15,2015.0,February,24.0,F,United States,California,Bikes,Mountain Bikes,2.0,1024.5,915.0,2049.0,1830.0,-219.0,-109.5
1697,1697,08/30/15,2015.0,August,24.0,F,United States,California,Bikes,Mountain Bikes,2.0,384.5,365.0,769.0,730.0,-39.0,-19.5
1698,1698,10/09/15,2015.0,October,24.0,F,United States,California,Bikes,Mountain Bikes,3.0,765.0,767.0,2295.0,2301.0,6.0,2.0
1699,1699,10/28/15,2015.0,October,24.0,F,United States,California,Bikes,Mountain Bikes,3.0,765.0,818.0,2295.0,2454.0,159.0,53.0
1700,1700,12/05/15,2015.0,December,24.0,F,United States,California,Bikes,Mountain Bikes,2.0,1147.5,1199.5,2295.0,2399.0,104.0,52.0
1701,1701,12/07/15,2015.0,December,24.0,F,United States,California,Bikes,Mountain Bikes,1.0,769.0,764.0,769.0,764.0,-5.0,-5.0
1702,1702,12/15/15,2015.0,December,24.0,F,United States,California,Bikes,Mountain Bikes,1.0,2320.0,2027.0,2320.0,2027.0,-293.0,-293.0
1703,1703,01/28/16,2016.0,January,24.0,M,United States,California,Accessories,Fenders,2.0,55.0,67.0,110.0,134.0,24.0,12.0
1704,1704,03/09/16,2016.0,March,24.0,M,United States,California,Accessories,Fenders,3.0,88.0,118.666667,264.0,356.0,92.0,30.666667000000004
1705,1705,03/14/16,2016.0,March,24.0,M,United States,California,Accessories,Fenders,1.0,308.0,345.0,308.0,345.0,37.0,37.0
1706,1706,05/30/16,2016.0,May,24.0,M,United States,California,Accessories,Fenders,2.0,198.0,238.5,396.0,477.0,81.0,40.5
1707,1707,06/09/16,2016.0,June,24.0,M,United States,California,Accessories,Fenders,3.0,44.0,59.0,132.0,177.0,45.0,15.0
1708,1708,12/05/15,2015.0,December,24.0,M,United States,California,Accessories,Bike Stands,3.0,424.0,451.0,1272.0,1353.0,81.0,27.0
1709,1709,03/07/15,2015.0,March,26.0,F,United States,Oregon,Bikes,Road Bikes,2.0,500.0,461.0,1000.0,922.0,-78.0,-39.0
1710,1710,09/24/15,2015.0,September,26.0,F,United States,Oregon,Bikes,Road Bikes,1.0,1120.0,928.0,1120.0,928.0,-192.0,-192.0
1711,1711,12/15/15,2015.0,December,26.0,F,United States,Oregon,Bikes,Road Bikes,1.0,1701.0,1630.0,1701.0,1630.0,-71.0,-71.0
1712,1712,11/10/15,2015.0,November,25.0,F,United States,California,Accessories,Bike Stands,1.0,636.0,716.0,636.0,716.0,80.0,80.0
1713,1713,02/06/16,2016.0,February,27.0,M,United States,California,Clothing,Jerseys,2.0,425.0,552.0,850.0,1104.0,254.0,127.0
1714,1714,02/06/16,2016.0,February,27.0,M,United States,California,Clothing,Jerseys,3.0,198.0,250.0,594.0,750.0,156.0,52.0
1715,1715,02/26/16,2016.0,February,27.0,M,United States,California,Accessories,Fenders,3.0,154.0,216.0,462.0,648.0,186.0,62.0
1716,1716,02/26/16,2016.0,February,27.0,M,United States,California,Clothing,Jerseys,1.0,324.0,412.0,324.0,412.0,88.0,88.0
1717,1717,03/31/16,2016.0,March,27.0,M,United States,California,Accessories,Helmets,1.0,665.0,821.0,665.0,821.0,156.0,156.0
1718,1718,04/08/16,2016.0,April,27.0,M,United States,California,Clothing,Jerseys,2.0,108.0,128.5,216.0,257.0,41.0,20.5
1719,1719,04/11/16,2016.0,April,27.0,M,United States,California,Accessories,Helmets,2.0,35.0,37.5,70.0,75.0,5.0,2.5
1720,1720,04/16/16,2016.0,April,27.0,M,United States,California,Accessories,Helmets,2.0,210.0,256.5,420.0,513.0,93.0,46.5
1721,1721,04/17/16,2016.0,April,27.0,M,United States,California,Accessories,Helmets,2.0,297.5,394.5,595.0,789.0,194.0,97.0
1722,1722,04/30/16,2016.0,April,27.0,M,United States,California,Accessories,Fenders,2.0,176.0,212.0,352.0,424.0,72.0,36.0
1723,1723,05/07/16,2016.0,May,27.0,M,United States,California,Accessories,Fenders,2.0,242.0,298.5,484.0,597.0,113.0,56.5
1724,1724,05/21/16,2016.0,May,27.0,M,United States,California,Accessories,Fenders,2.0,187.0,217.5,374.0,435.0,61.0,30.5
1725,1725,05/22/16,2016.0,May,27.0,M,United States,California,Accessories,Fenders,2.0,55.0,62.5,110.0,125.0,15.0,7.5
1726,1726,06/08/16,2016.0,June,27.0,M,United States,California,Accessories,Helmets,1.0,385.0,498.0,385.0,498.0,113.0,113.0
1727,1727,06/17/16,2016.0,June,27.0,M,United States,California,Accessories,Helmets,3.0,105.0,113.0,315.0,339.0,24.0,8.0
1728,1728,06/29/16,2016.0,June,27.0,M,United States,California,Accessories,Helmets,2.0,437.5,529.5,875.0,1059.0,184.0,92.0
1729,1729,07/14/15,2015.0,July,27.0,M,United States,California,Accessories,Helmets,3.0,128.33,153.0,385.0,459.0,74.0,24.669999999999987
1730,1730,08/03/15,2015.0,August,27.0,M,United States,California,Clothing,Jerseys,3.0,33.33,39.333333,100.0,118.0,18.0,6.003333000000005
1731,1731,08/11/15,2015.0,August,27.0,M,United States,California,Accessories,Helmets,2.0,455.0,554.0,910.0,1108.0,198.0,99.0
1732,1732,08/13/15,2015.0,August,27.0,M,United States,California,Accessories,Helmets,1.0,105.0,109.0,105.0,109.0,4.0,4.0
1733,1733,08/24/15,2015.0,August,27.0,M,United States,California,Accessories,Helmets,2.0,367.5,390.0,735.0,780.0,45.0,22.5
1734,1734,08/25/15,2015.0,August,27.0,M,United States,California,Accessories,Helmets,2.0,525.0,562.0,1050.0,1124.0,74.0,37.0
1735,1735,08/25/15,2015.0,August,27.0,M,United States,California,Clothing,Jerseys,2.0,550.0,559.0,1100.0,1118.0,18.0,9.0
1736,1736,09/12/15,2015.0,September,27.0,M,United States,California,Clothing,Jerseys,2.0,600.0,599.0,1200.0,1198.0,-2.0,-1.0
1737,1737,10/05/15,2015.0,October,27.0,M,United States,California,Accessories,Helmets,3.0,35.0,38.0,105.0,114.0,9.0,3.0
1738,1738,10/21/15,2015.0,October,27.0,M,United States,California,Accessories,Helmets,1.0,105.0,108.0,105.0,108.0,3.0,3.0
1739,1739,10/22/15,2015.0,October,27.0,M,United States,California,Accessories,Helmets,1.0,245.0,252.0,245.0,252.0,7.0,7.0
1740,1740,10/22/15,2015.0,October,27.0,M,United States,California,Clothing,Jerseys,2.0,567.0,573.0,1134.0,1146.0,12.0,6.0
1741,1741,11/07/15,2015.0,November,27.0,M,United States,California,Clothing,Jerseys,1.0,50.0,53.0,50.0,53.0,3.0,3.0
1742,1742,11/23/15,2015.0,November,27.0,M,United States,California,Accessories,Helmets,3.0,280.0,291.666667,840.0,875.0,35.0,11.666667000000018
1743,1743,12/13/15,2015.0,December,27.0,M,United States,California,Accessories,Helmets,3.0,186.67,204.666667,560.0,614.0,54.0,17.996667000000002
1744,1744,12/24/15,2015.0,December,27.0,M,United States,California,Clothing,Jerseys,3.0,324.0,354.666667,972.0,1064.0,92.0,30.666667000000018
1745,1745,01/04/16,2016.0,January,28.0,M,United States,California,Accessories,Tires and Tubes,1.0,120.0,168.0,120.0,168.0,48.0,48.0
1746,1746,01/04/16,2016.0,January,28.0,M,United States,California,Accessories,Tires and Tubes,3.0,7.0,9.0,21.0,27.0,6.0,2.0
1747,1747,01/12/16,2016.0,January,28.0,M,United States,California,Accessories,Fenders,1.0,571.0,816.0,571.0,816.0,245.0,245.0
1748,1748,01/12/16,2016.0,January,28.0,M,United States,California,Accessories,Helmets,2.0,192.5,240.5,385.0,481.0,96.0,48.0
1749,1749,01/12/16,2016.0,January,28.0,M,United States,California,Accessories,Fenders,1.0,308.0,369.0,308.0,369.0,61.0,61.0
1750,1750,01/12/16,2016.0,January,28.0,M,United States,California,Accessories,Helmets,1.0,35.0,44.0,35.0,44.0,9.0,9.0
1751,1751,01/13/16,2016.0,January,28.0,M,United States,California,Accessories,Fenders,3.0,51.33,60.0,154.0,180.0,26.0,8.670000000000002
1752,1752,01/16/16,2016.0,January,28.0,M,United States,California,Accessories,Helmets,3.0,81.67,99.333333,245.0,298.0,53.0,17.663332999999994
1753,1753,01/24/16,2016.0,January,28.0,M,United States,California,Accessories,Helmets,2.0,280.0,354.5,560.0,709.0,149.0,74.5
1754,1754,01/24/16,2016.0,January,28.0,M,United States,California,Accessories,Tires and Tubes,3.0,50.0,68.333333,150.0,205.0,55.0,18.333332999999996
1755,1755,01/24/16,2016.0,January,28.0,M,United States,California,Accessories,Tires and Tubes,1.0,15.0,17.0,15.0,17.0,2.0,2.0
1756,1756,01/25/16,2016.0,January,28.0,M,United States,California,Accessories,Tires and Tubes,3.0,20.0,25.666667,60.0,77.0,17.0,5.666667
1757,1757,01/25/16,2016.0,January,28.0,M,United States,California,Accessories,Tires and Tubes,2.0,17.5,21.0,35.0,42.0,7.0,3.5
1758,1758,02/05/16,2016.0,February,28.0,M,United States,California,Accessories,Tires and Tubes,3.0,251.33,302.0,754.0,906.0,152.0,50.66999999999999
1759,1759,02/05/16,2016.0,February,28.0,M,United States,California,Accessories,Tires and Tubes,3.0,15.0,19.0,45.0,57.0,12.0,4.0
1760,1760,02/27/16,2016.0,February,28.0,M,United States,California,Accessories,Tires and Tubes,2.0,87.5,117.5,175.0,235.0,60.0,30.0
1761,1761,03/04/16,2016.0,March,28.0,M,United States,California,Accessories,Tires and Tubes,3.0,14.67,18.666667,44.0,56.0,12.0,3.9966670000000004
1762,1762,03/05/16,2016.0,March,28.0,M,United States,California,Accessories,Tires and Tubes,1.0,490.0,587.0,490.0,587.0,97.0,97.0
1763,1763,03/11/16,2016.0,March,28.0,M,United States,California,Accessories,Fenders,1.0,528.0,719.0,528.0,719.0,191.0,191.0
1764,1764,03/15/16,2016.0,March,28.0,M,United States,California,Accessories,Fenders,3.0,219.67,317.0,659.0,951.0,292.0,97.33000000000001
1765,1765,03/15/16,2016.0,March,28.0,M,United States,California,Accessories,Helmets,1.0,315.0,358.0,315.0,358.0,43.0,43.0
1766,1766,04/08/16,2016.0,April,28.0,M,United States,California,Accessories,Helmets,1.0,350.0,416.0,350.0,416.0,66.0,66.0
1767,1767,04/18/16,2016.0,April,28.0,M,United States,California,Accessories,Helmets,2.0,17.5,24.0,35.0,48.0,13.0,6.5
1768,1768,04/28/16,2016.0,April,28.0,M,United States,California,Accessories,Tires and Tubes,1.0,348.0,378.0,348.0,378.0,30.0,30.0
1769,1769,04/28/16,2016.0,April,28.0,M,United States,California,Accessories,Tires and Tubes,2.0,40.0,51.5,80.0,103.0,23.0,11.5
1770,1770,05/09/16,2016.0,May,28.0,M,United States,California,Accessories,Helmets,1.0,980.0,1128.0,980.0,1128.0,148.0,148.0
1771,1771,05/23/16,2016.0,May,28.0,M,United States,California,Accessories,Tires and Tubes,3.0,50.0,59.333333,150.0,178.0,28.0,9.333333000000003
1772,1772,05/26/16,2016.0,May,28.0,M,United States,California,Accessories,Tires and Tubes,3.0,245.0,312.0,735.0,936.0,201.0,67.0
1773,1773,05/26/16,2016.0,May,28.0,M,United States,California,Accessories,Tires and Tubes,1.0,11.0,12.0,11.0,12.0,1.0,1.0
1774,1774,05/27/16,2016.0,May,28.0,M,United States,California,Accessories,Helmets,1.0,700.0,807.0,700.0,807.0,107.0,107.0
1775,1775,06/16/16,2016.0,June,28.0,M,United States,California,Accessories,Tires and Tubes,2.0,20.5,28.0,41.0,56.0,15.0,7.5
1776,1776,06/16/16,2016.0,June,28.0,M,United States,California,Accessories,Tires and Tubes,2.0,20.0,22.5,40.0,45.0,5.0,2.5
1777,1777,06/26/16,2016.0,June,28.0,M,United States,California,Accessories,Tires and Tubes,2.0,53.5,69.5,107.0,139.0,32.0,16.0
1778,1778,06/26/16,2016.0,June,28.0,M,United States,California,Accessories,Tires and Tubes,3.0,23.0,29.333333,69.0,88.0,19.0,6.333333
1779,1779,06/26/16,2016.0,June,28.0,M,United States,California,Accessories,Tires and Tubes,1.0,56.0,68.0,56.0,68.0,12.0,12.0
1780,1780,06/28/16,2016.0,June,28.0,M,United States,California,Accessories,Tires and Tubes,1.0,21.0,25.0,21.0,25.0,4.0,4.0
1781,1781,07/09/16,2016.0,July,28.0,M,United States,California,Accessories,Fenders,1.0,44.0,52.0,44.0,52.0,8.0,8.0
1782,1782,07/21/16,2016.0,July,28.0,M,United States,California,Accessories,Tires and Tubes,2.0,456.5,522.0,913.0,1044.0,131.0,65.5
1783,1783,07/21/16,2016.0,July,28.0,M,United States,California,Accessories,Tires and Tubes,1.0,72.0,96.0,72.0,96.0,24.0,24.0
1784,1784,07/16/15,2015.0,July,28.0,M,United States,California,Accessories,Helmets,1.0,630.0,712.0,630.0,712.0,82.0,82.0
1785,1785,08/08/15,2015.0,August,28.0,M,United States,California,Accessories,Tires and Tubes,2.0,245.0,260.5,490.0,521.0,31.0,15.5
1786,1786,08/14/15,2015.0,August,28.0,M,United States,California,Accessories,Helmets,2.0,175.0,204.5,350.0,409.0,59.0,29.5
1787,1787,08/14/15,2015.0,August,28.0,M,United States,California,Accessories,Helmets,3.0,315.0,345.666667,945.0,1037.0,92.0,30.666667000000018
1788,1788,08/19/15,2015.0,August,28.0,M,United States,California,Accessories,Tires and Tubes,3.0,163.33,187.666667,490.0,563.0,73.0,24.336666999999977
1789,1789,08/19/15,2015.0,August,28.0,M,United States,California,Accessories,Tires and Tubes,3.0,10.0,11.0,30.0,33.0,3.0,1.0
1790,1790,08/19/15,2015.0,August,28.0,M,United States,California,Accessories,Helmets,1.0,875.0,874.0,875.0,874.0,-1.0,-1.0
1791,1791,09/08/15,2015.0,September,28.0,M,United States,California,Accessories,Tires and Tubes,2.0,65.0,73.0,130.0,146.0,16.0,8.0
1792,1792,09/08/15,2015.0,September,28.0,M,United States,California,Accessories,Helmets,1.0,210.0,231.0,210.0,231.0,21.0,21.0
1793,1793,10/12/15,2015.0,October,28.0,M,United States,California,Accessories,Tires and Tubes,1.0,105.0,132.0,105.0,132.0,27.0,27.0
1794,1794,10/12/15,2015.0,October,28.0,M,United States,California,Accessories,Tires and Tubes,2.0,32.5,33.0,65.0,66.0,1.0,0.5
1795,1795,10/12/15,2015.0,October,28.0,M,United States,California,Accessories,Helmets,2.0,332.5,383.5,665.0,767.0,102.0,51.0
1796,1796,10/20/15,2015.0,October,28.0,M,United States,California,Accessories,Helmets,3.0,140.0,152.333333,420.0,457.0,37.0,12.33333300000001
1797,1797,10/25/15,2015.0,October,28.0,M,United States,California,Accessories,Tires and Tubes,2.0,87.5,103.0,175.0,206.0,31.0,15.5
1798,1798,10/25/15,2015.0,October,28.0,M,United States,California,Accessories,Tires and Tubes,2.0,5.5,6.0,11.0,12.0,1.0,0.5
1799,1799,10/28/15,2015.0,October,28.0,M,United States,California,Accessories,Tires and Tubes,2.0,455.0,539.5,910.0,1079.0,169.0,84.5
1800,1800,10/28/15,2015.0,October,28.0,M,United States,California,Accessories,Tires and Tubes,1.0,145.0,147.0,145.0,147.0,2.0,2.0
1801,1801,11/23/15,2015.0,November,28.0,M,United States,California,Accessories,Helmets,2.0,315.0,349.0,630.0,698.0,68.0,34.0
1802,1802,11/24/15,2015.0,November,28.0,M,United States,California,Accessories,Tires and Tubes,1.0,600.0,618.0,600.0,618.0,18.0,18.0
1803,1803,11/24/15,2015.0,November,28.0,M,United States,California,Accessories,Tires and Tubes,3.0,21.33,23.0,64.0,69.0,5.0,1.6700000000000017
1804,1804,12/03/15,2015.0,December,28.0,M,United States,California,Accessories,Helmets,1.0,840.0,888.0,840.0,888.0,48.0,48.0
1805,1805,12/31/15,2015.0,December,28.0,M,United States,California,Accessories,Tires and Tubes,3.0,81.67,91.333333,245.0,274.0,29.0,9.663332999999994
1806,1806,12/31/15,2015.0,December,28.0,M,United States,California,Accessories,Tires and Tubes,1.0,90.0,89.0,90.0,89.0,-1.0,-1.0
1807,1807,12/31/15,2015.0,December,28.0,M,United States,California,Accessories,Helmets,2.0,70.0,75.5,140.0,151.0,11.0,5.5
1808,1808,12/31/15,2015.0,December,28.0,M,United States,California,Accessories,Tires and Tubes,2.0,455.0,497.0,910.0,994.0,84.0,42.0
1809,1809,12/31/15,2015.0,December,28.0,M,United States,California,Accessories,Tires and Tubes,3.0,21.67,23.666667,65.0,71.0,6.0,1.9966669999999986
1810,1810,12/31/15,2015.0,December,28.0,M,United States,California,Accessories,Helmets,2.0,385.0,453.0,770.0,906.0,136.0,68.0
1811,1811,01/24/16,2016.0,January,28.0,M,United States,California,Clothing,Gloves,3.0,81.67,89.666667,245.0,269.0,24.0,7.996667000000002
1812,1812,12/13/15,2015.0,December,28.0,M,United States,Washington,Accessories,Hydration Packs,3.0,366.67,429.666667,1100.0,1289.0,189.0,62.996667
1813,1813,03/21/16,2016.0,March,28.0,M,United States,Washington,Bikes,Mountain Bikes,1.0,540.0,527.0,540.0,527.0,-13.0,-13.0
1814,1814,05/20/15,2015.0,May,28.0,M,United States,Washington,Bikes,Mountain Bikes,2.0,1035.5,1024.5,2071.0,2049.0,-22.0,-11.0
1815,1815,12/11/15,2015.0,December,28.0,M,United States,Washington,Bikes,Mountain Bikes,2.0,1160.0,1106.5,2320.0,2213.0,-107.0,-53.5
1816,1816,12/11/15,2015.0,December,28.0,M,United States,Washington,Accessories,Cleaners,2.0,67.5,76.0,135.0,152.0,17.0,8.5
1817,1817,12/11/15,2015.0,December,28.0,M,United States,Washington,Bikes,Mountain Bikes,3.0,765.0,786.0,2295.0,2358.0,63.0,21.0
1818,1818,12/13/15,2015.0,December,28.0,M,United States,Washington,Bikes,Mountain Bikes,2.0,1160.0,1103.0,2320.0,2206.0,-114.0,-57.0
1819,1819,01/07/16,2016.0,January,26.0,M,United States,California,Clothing,Jerseys,1.0,500.0,679.0,500.0,679.0,179.0,179.0
1820,1820,03/15/16,2016.0,March,26.0,M,United States,California,Clothing,Jerseys,3.0,54.0,63.666667,162.0,191.0,29.0,9.666666999999997
1821,1821,05/08/16,2016.0,May,26.0,M,United States,California,Clothing,Jerseys,3.0,126.0,156.0,378.0,468.0,90.0,30.0
1822,1822,06/18/16,2016.0,June,26.0,M,United States,California,Clothing,Jerseys,2.0,325.0,422.5,650.0,845.0,195.0,97.5
1823,1823,10/06/15,2015.0,October,26.0,M,United States,California,Clothing,Jerseys,2.0,575.0,549.5,1150.0,1099.0,-51.0,-25.5
1824,1824,12/19/15,2015.0,December,26.0,M,United States,California,Clothing,Jerseys,3.0,133.33,135.0,400.0,405.0,5.0,1.6699999999999875
1825,1825,08/11/15,2015.0,August,30.0,M,United States,California,Clothing,Caps,2.0,94.5,106.5,189.0,213.0,24.0,12.0
1826,1826,09/10/15,2015.0,September,30.0,M,United States,California,Clothing,Caps,1.0,252.0,304.0,252.0,304.0,52.0,52.0
1827,1827,11/05/15,2015.0,November,30.0,M,United States,California,Clothing,Caps,1.0,198.0,187.0,198.0,187.0,-11.0,-11.0
1828,1828,12/12/15,2015.0,December,30.0,M,United States,California,Clothing,Caps,3.0,78.0,89.333333,234.0,268.0,34.0,11.333332999999996
1829,1829,12/30/15,2015.0,December,30.0,M,United States,California,Clothing,Caps,3.0,63.0,75.333333,189.0,226.0,37.0,12.333332999999996
1830,1830,12/30/15,2015.0,December,30.0,F,United States,Oregon,Bikes,Mountain Bikes,3.0,773.33,678.666667,2320.0,2036.0,-284.0,-94.66333300000008
1831,1831,12/30/15,2015.0,December,30.0,F,United States,Oregon,Accessories,Hydration Packs,1.0,1595.0,1772.0,1595.0,1772.0,177.0,177.0
1832,1832,02/15/16,2016.0,February,28.0,F,United States,Washington,Accessories,Fenders,1.0,220.0,273.0,220.0,273.0,53.0,53.0
1833,1833,03/04/16,2016.0,March,28.0,F,United States,Washington,Accessories,Fenders,3.0,66.0,81.333333,198.0,244.0,46.0,15.333332999999996
1834,1834,03/04/16,2016.0,March,28.0,F,United States,Washington,Accessories,Bottles and Cages,3.0,13.33,16.0,40.0,48.0,8.0,2.67
1835,1835,03/04/16,2016.0,March,28.0,F,United States,Washington,Accessories,Bottles and Cages,2.0,5.0,6.5,10.0,13.0,3.0,1.5
1836,1836,03/14/16,2016.0,March,28.0,F,United States,Washington,Accessories,Bottles and Cages,2.0,62.5,87.0,125.0,174.0,49.0,24.5
1837,1837,03/14/16,2016.0,March,28.0,F,United States,Washington,Accessories,Bottles and Cages,3.0,26.67,33.333333,80.0,100.0,20.0,6.6633330000000015
1838,1838,08/18/15,2015.0,August,28.0,F,United States,Washington,Accessories,Bottles and Cages,3.0,87.0,94.666667,261.0,284.0,23.0,7.666667000000004
1839,1839,08/18/15,2015.0,August,28.0,F,United States,Washington,Accessories,Bottles and Cages,1.0,55.0,62.0,55.0,62.0,7.0,7.0
1840,1840,11/11/15,2015.0,November,28.0,F,United States,Washington,Accessories,Bottles and Cages,3.0,33.33,35.666667,100.0,107.0,7.0,2.3366669999999985
1841,1841,11/11/15,2015.0,November,28.0,F,United States,Washington,Accessories,Bottles and Cages,2.0,75.0,81.0,150.0,162.0,12.0,6.0
1842,1842,12/18/15,2015.0,December,28.0,F,United States,Washington,Accessories,Bottles and Cages,3.0,86.67,92.333333,260.0,277.0,17.0,5.663332999999994
1843,1843,12/18/15,2015.0,December,28.0,F,United States,Washington,Accessories,Bottles and Cages,2.0,25.0,29.5,50.0,59.0,9.0,4.5
1844,1844,12/23/15,2015.0,December,28.0,F,United States,Washington,Accessories,Bottles and Cages,1.0,210.0,234.0,210.0,234.0,24.0,24.0
1845,1845,12/23/15,2015.0,December,28.0,F,United States,Washington,Accessories,Bottles and Cages,1.0,90.0,96.0,90.0,96.0,6.0,6.0
1846,1846,01/20/16,2016.0,January,28.0,F,United States,California,Accessories,Fenders,1.0,110.0,140.0,110.0,140.0,30.0,30.0
1847,1847,01/03/16,2016.0,January,32.0,F,United States,Washington,Accessories,Tires and Tubes,1.0,5.0,6.0,5.0,6.0,1.0,1.0
1848,1848,01/03/16,2016.0,January,32.0,F,United States,Washington,Accessories,Helmets,2.0,157.5,195.5,315.0,391.0,76.0,38.0
1849,1849,01/10/16,2016.0,January,32.0,F,United States,Washington,Accessories,Helmets,1.0,245.0,332.0,245.0,332.0,87.0,87.0
1850,1850,01/27/16,2016.0,January,32.0,F,United States,Washington,Accessories,Helmets,1.0,385.0,498.0,385.0,498.0,113.0,113.0
1851,1851,02/05/16,2016.0,February,32.0,F,United States,Washington,Clothing,Jerseys,1.0,1404.0,1808.0,1404.0,1808.0,404.0,404.0
1852,1852,03/07/16,2016.0,March,32.0,F,United States,Washington,Clothing,Jerseys,2.0,175.0,184.0,350.0,368.0,18.0,9.0
1853,1853,03/08/16,2016.0,March,32.0,F,United States,Washington,Clothing,Jerseys,1.0,864.0,1078.0,864.0,1078.0,214.0,214.0
1854,1854,03/12/16,2016.0,March,32.0,F,United States,Washington,Clothing,Jerseys,2.0,25.0,35.0,50.0,70.0,20.0,10.0
1855,1855,03/22/16,2016.0,March,32.0,F,United States,Washington,Accessories,Helmets,1.0,140.0,171.0,140.0,171.0,31.0,31.0
1856,1856,03/27/16,2016.0,March,32.0,F,United States,Washington,Accessories,Tires and Tubes,3.0,13.33,18.333333,40.0,55.0,15.0,5.003333
1857,1857,03/27/16,2016.0,March,32.0,F,United States,Washington,Accessories,Tires and Tubes,2.0,3.5,4.0,7.0,8.0,1.0,0.5
1858,1858,03/31/16,2016.0,March,32.0,F,United States,Washington,Accessories,Tires and Tubes,3.0,268.33,360.0,805.0,1080.0,275.0,91.67000000000002
1859,1859,03/31/16,2016.0,March,32.0,F,United States,Washington,Accessories,Tires and Tubes,3.0,23.33,31.333333,70.0,94.0,24.0,8.003333000000001
1860,1860,03/31/16,2016.0,March,32.0,F,United States,Washington,Accessories,Tires and Tubes,1.0,9.0,11.0,9.0,11.0,2.0,2.0
1861,1861,04/05/16,2016.0,April,32.0,F,United States,Washington,Clothing,Jerseys,2.0,650.0,832.0,1300.0,1664.0,364.0,182.0
1862,1862,04/13/16,2016.0,April,32.0,F,United States,Washington,Accessories,Tires and Tubes,1.0,120.0,151.0,120.0,151.0,31.0,31.0
1863,1863,04/13/16,2016.0,April,32.0,F,United States,Washington,Accessories,Tires and Tubes,2.0,16.0,18.5,32.0,37.0,5.0,2.5
1864,1864,04/13/16,2016.0,April,32.0,F,United States,Washington,Accessories,Tires and Tubes,3.0,125.0,135.666667,375.0,407.0,32.0,10.66666699999999
1865,1865,04/13/16,2016.0,April,32.0,F,United States,Washington,Accessories,Tires and Tubes,2.0,3.5,4.5,7.0,9.0,2.0,1.0
1866,1866,04/18/16,2016.0,April,32.0,F,United States,Washington,Accessories,Tires and Tubes,3.0,65.33,82.0,196.0,246.0,50.0,16.67
1867,1867,04/18/16,2016.0,April,32.0,F,United States,Washington,Accessories,Tires and Tubes,2.0,4.0,5.5,8.0,11.0,3.0,1.5
1868,1868,04/18/16,2016.0,April,32.0,F,United States,Washington,Clothing,Jerseys,2.0,650.0,769.5,1300.0,1539.0,239.0,119.5
1869,1869,04/30/16,2016.0,April,32.0,F,United States,Washington,Accessories,Tires and Tubes,2.0,55.0,73.0,110.0,146.0,36.0,18.0
1870,1870,04/30/16,2016.0,April,32.0,F,United States,Washington,Accessories,Tires and Tubes,2.0,122.5,161.0,245.0,322.0,77.0,38.5
1871,1871,05/18/16,2016.0,May,32.0,F,United States,Washington,Clothing,Jerseys,3.0,342.0,388.0,1026.0,1164.0,138.0,46.0
1872,1872,05/27/16,2016.0,May,32.0,F,United States,Washington,Accessories,Helmets,1.0,665.0,868.0,665.0,868.0,203.0,203.0
1873,1873,06/06/16,2016.0,June,32.0,F,United States,Washington,Accessories,Tires and Tubes,2.0,62.5,70.0,125.0,140.0,15.0,7.5
1874,1874,06/06/16,2016.0,June,32.0,F,United States,Washington,Accessories,Tires and Tubes,2.0,14.5,17.5,29.0,35.0,6.0,3.0
1875,1875,06/07/16,2016.0,June,32.0,F,United States,Washington,Accessories,Tires and Tubes,2.0,40.0,49.0,80.0,98.0,18.0,9.0
1876,1876,06/07/16,2016.0,June,32.0,F,United States,Washington,Accessories,Tires and Tubes,1.0,225.0,298.0,225.0,298.0,73.0,73.0
1877,1877,06/07/16,2016.0,June,32.0,F,United States,Washington,Accessories,Tires and Tubes,2.0,11.5,15.0,23.0,30.0,7.0,3.5
1878,1878,06/24/16,2016.0,June,32.0,F,United States,Washington,Clothing,Jerseys,3.0,540.0,686.0,1620.0,2058.0,438.0,146.0
1879,1879,07/28/16,2016.0,July,32.0,F,United States,Washington,Accessories,Tires and Tubes,2.0,270.0,323.5,540.0,647.0,107.0,53.5
1880,1880,08/18/15,2015.0,August,32.0,F,United States,Washington,Accessories,Helmets,2.0,192.5,202.0,385.0,404.0,19.0,9.5
1881,1881,08/18/15,2015.0,August,32.0,F,United States,Washington,Clothing,Jerseys,1.0,1150.0,1289.0,1150.0,1289.0,139.0,139.0
1882,1882,08/22/15,2015.0,August,32.0,F,United States,Washington,Accessories,Tires and Tubes,3.0,16.67,17.333333,50.0,52.0,2.0,0.663332999999998
1883,1883,08/22/15,2015.0,August,32.0,F,United States,Washington,Accessories,Tires and Tubes,2.0,420.0,478.0,840.0,956.0,116.0,58.0
1884,1884,08/22/15,2015.0,August,32.0,F,United States,Washington,Accessories,Helmets,2.0,420.0,461.5,840.0,923.0,83.0,41.5
1885,1885,08/23/15,2015.0,August,32.0,F,United States,Washington,Accessories,Tires and Tubes,3.0,97.67,99.666667,293.0,299.0,6.0,1.9966670000000022
1886,1886,08/23/15,2015.0,August,32.0,F,United States,Washington,Accessories,Tires and Tubes,3.0,37.33,40.666667,112.0,122.0,10.0,3.3366669999999985
1887,1887,09/23/15,2015.0,September,32.0,F,United States,Washington,Accessories,Tires and Tubes,2.0,367.5,375.0,735.0,750.0,15.0,7.5
1888,1888,09/23/15,2015.0,September,32.0,F,United States,Washington,Accessories,Tires and Tubes,3.0,11.67,12.666667,35.0,38.0,3.0,0.9966670000000004
1889,1889,09/23/15,2015.0,September,32.0,F,United States,Washington,Accessories,Tires and Tubes,3.0,20.0,22.333333,60.0,67.0,7.0,2.3333329999999997
1890,1890,10/15/15,2015.0,October,32.0,F,United States,Washington,Accessories,Tires and Tubes,2.0,114.0,127.0,228.0,254.0,26.0,13.0
1891,1891,10/15/15,2015.0,October,32.0,F,United States,Washington,Accessories,Tires and Tubes,3.0,1.33,1.333333,4.0,4.0,0.0,0.0033330000000000304
1892,1892,10/15/15,2015.0,October,32.0,F,United States,Washington,Accessories,Helmets,2.0,437.5,488.5,875.0,977.0,102.0,51.0
1893,1893,11/20/15,2015.0,November,32.0,F,United States,Washington,Accessories,Tires and Tubes,2.0,187.5,190.5,375.0,381.0,6.0,3.0
1894,1894,11/22/15,2015.0,November,32.0,F,United States,Washington,Accessories,Tires and Tubes,2.0,300.0,349.0,600.0,698.0,98.0,49.0
1895,1895,11/22/15,2015.0,November,32.0,F,United States,Washington,Accessories,Tires and Tubes,2.0,35.0,36.5,70.0,73.0,3.0,1.5
1896,1896,11/22/15,2015.0,November,32.0,F,United States,Washington,Accessories,Tires and Tubes,2.0,13.5,14.0,27.0,28.0,1.0,0.5
1897,1897,12/08/15,2015.0,December,32.0,F,United States,Washington,Accessories,Tires and Tubes,3.0,50.0,54.333333,150.0,163.0,13.0,4.333333000000003
1898,1898,12/08/15,2015.0,December,32.0,F,United States,Washington,Accessories,Tires and Tubes,1.0,5.0,5.0,5.0,5.0,0.0,0.0
1899,1899,12/08/15,2015.0,December,32.0,F,United States,Washington,Accessories,Helmets,2.0,122.5,133.0,245.0,266.0,21.0,10.5
1900,1900,12/15/15,2015.0,December,32.0,F,United States,Washington,Accessories,Helmets,3.0,58.33,65.0,175.0,195.0,20.0,6.670000000000002
1901,1901,12/27/15,2015.0,December,32.0,F,United States,Washington,Accessories,Tires and Tubes,1.0,540.0,561.0,540.0,561.0,21.0,21.0
1902,1902,12/27/15,2015.0,December,32.0,F,United States,Washington,Accessories,Tires and Tubes,1.0,7.0,7.0,7.0,7.0,0.0,0.0
1903,1903,12/28/15,2015.0,December,32.0,F,United States,Washington,Clothing,Jerseys,1.0,1250.0,1462.0,1250.0,1462.0,212.0,212.0
1904,1904,01/05/16,2016.0,January,32.0,M,United States,Oregon,Accessories,Tires and Tubes,3.0,193.33,271.333333,580.0,814.0,234.0,78.00333299999997
1905,1905,01/05/16,2016.0,January,32.0,M,United States,Oregon,Accessories,Tires and Tubes,1.0,69.0,92.0,69.0,92.0,23.0,23.0
1906,1906,02/18/16,2016.0,February,32.0,M,United States,Oregon,Accessories,Tires and Tubes,2.0,37.5,48.5,75.0,97.0,22.0,11.0
1907,1907,08/31/15,2015.0,August,32.0,M,United States,Oregon,Accessories,Tires and Tubes,1.0,150.0,156.0,150.0,156.0,6.0,6.0
1908,1908,08/31/15,2015.0,August,32.0,M,United States,Oregon,Accessories,Tires and Tubes,3.0,0.67,0.666667,2.0,2.0,0.0,-0.0033330000000000304
1909,1909,09/12/15,2015.0,September,32.0,M,United States,Oregon,Accessories,Tires and Tubes,3.0,116.67,142.333333,350.0,427.0,77.0,25.66333300000001
1910,1910,09/12/15,2015.0,September,32.0,M,United States,Oregon,Accessories,Tires and Tubes,3.0,6.67,7.333333,20.0,22.0,2.0,0.6633329999999997
1911,1911,09/12/15,2015.0,September,32.0,M,United States,Oregon,Accessories,Cleaners,2.0,119.5,134.5,239.0,269.0,30.0,15.0
1912,1912,12/02/15,2015.0,December,32.0,M,United States,Oregon,Accessories,Tires and Tubes,1.0,95.0,99.0,95.0,99.0,4.0,4.0
1913,1913,12/02/15,2015.0,December,32.0,M,United States,Oregon,Accessories,Tires and Tubes,2.0,315.0,353.0,630.0,706.0,76.0,38.0
1914,1914,12/02/15,2015.0,December,32.0,M,United States,Oregon,Accessories,Tires and Tubes,3.0,22.0,25.333333,66.0,76.0,10.0,3.3333329999999997
1915,1915,12/02/15,2015.0,December,32.0,M,United States,Oregon,Accessories,Cleaners,1.0,151.0,169.0,151.0,169.0,18.0,18.0
1916,1916,12/08/15,2015.0,December,32.0,M,United States,Oregon,Accessories,Tires and Tubes,1.0,900.0,930.0,900.0,930.0,30.0,30.0
1917,1917,12/29/15,2015.0,December,32.0,M,United States,Oregon,Accessories,Tires and Tubes,1.0,72.0,88.0,72.0,88.0,16.0,16.0
1918,1918,12/29/15,2015.0,December,32.0,M,United States,Oregon,Accessories,Tires and Tubes,1.0,848.0,1014.0,848.0,1014.0,166.0,166.0
1919,1919,12/29/15,2015.0,December,32.0,M,United States,Oregon,Accessories,Tires and Tubes,3.0,7.67,9.0,23.0,27.0,4.0,1.33
1920,1920,01/20/16,2016.0,January,32.0,M,United States,California,Bikes,Mountain Bikes,3.0,765.0,900.333333,2295.0,2701.0,406.0,135.33333300000004
1921,1921,03/23/16,2016.0,March,32.0,M,United States,California,Bikes,Mountain Bikes,3.0,180.0,190.0,540.0,570.0,30.0,10.0
1922,1922,05/24/16,2016.0,May,32.0,M,United States,California,Bikes,Mountain Bikes,1.0,769.0,847.0,769.0,847.0,78.0,78.0
1923,1923,05/27/16,2016.0,May,32.0,M,United States,California,Bikes,Mountain Bikes,3.0,773.33,781.0,2320.0,2343.0,23.0,7.669999999999959
1924,1924,06/09/16,2016.0,June,32.0,M,United States,California,Bikes,Mountain Bikes,2.0,1160.0,1184.5,2320.0,2369.0,49.0,24.5
1925,1925,08/17/15,2015.0,August,32.0,M,United States,California,Bikes,Mountain Bikes,1.0,2295.0,2094.0,2295.0,2094.0,-201.0,-201.0
1926,1926,11/06/15,2015.0,November,32.0,M,United States,California,Bikes,Mountain Bikes,3.0,773.33,655.333333,2320.0,1966.0,-354.0,-117.996667
1927,1927,11/22/15,2015.0,November,32.0,M,United States,California,Bikes,Mountain Bikes,3.0,188.33,188.666667,565.0,566.0,1.0,0.3366669999999772
1928,1928,12/14/15,2015.0,December,32.0,M,United States,California,Bikes,Mountain Bikes,3.0,773.33,727.666667,2320.0,2183.0,-137.0,-45.66333300000008
1929,1929,01/11/16,2016.0,January,33.0,F,United States,California,Clothing,Jerseys,3.0,100.0,110.0,300.0,330.0,30.0,10.0
1930,1930,02/08/16,2016.0,February,33.0,F,United States,California,Clothing,Jerseys,3.0,270.0,336.0,810.0,1008.0,198.0,66.0
1931,1931,04/07/16,2016.0,April,33.0,F,United States,California,Clothing,Jerseys,3.0,433.33,518.666667,1300.0,1556.0,256.0,85.33666699999998
1932,1932,05/30/16,2016.0,May,33.0,F,United States,California,Clothing,Jerseys,1.0,750.0,850.0,750.0,850.0,100.0,100.0
1933,1933,06/15/16,2016.0,June,33.0,F,United States,California,Clothing,Jerseys,1.0,1200.0,1553.0,1200.0,1553.0,353.0,353.0
1934,1934,10/28/15,2015.0,October,33.0,F,United States,California,Clothing,Jerseys,3.0,400.0,456.0,1200.0,1368.0,168.0,56.0
1935,1935,11/20/15,2015.0,November,33.0,F,United States,California,Clothing,Jerseys,2.0,135.0,133.5,270.0,267.0,-3.0,-1.5
1936,1936,11/26/15,2015.0,November,33.0,F,United States,California,Clothing,Jerseys,2.0,405.0,430.0,810.0,860.0,50.0,25.0
1937,1937,11/29/15,2015.0,November,33.0,F,United States,California,Clothing,Jerseys,3.0,90.0,99.0,270.0,297.0,27.0,9.0
1938,1938,12/05/15,2015.0,December,33.0,F,United States,California,Clothing,Jerseys,1.0,600.0,645.0,600.0,645.0,45.0,45.0
1939,1939,07/14/16,2016.0,July,33.0,F,United States,California,Accessories,Bike Stands,3.0,159.0,188.666667,477.0,566.0,89.0,29.66666699999999
1940,1940,02/12/16,2016.0,February,34.0,M,United States,Oregon,Accessories,Tires and Tubes,1.0,300.0,370.0,300.0,370.0,70.0,70.0
1941,1941,02/12/16,2016.0,February,34.0,M,United States,Oregon,Accessories,Tires and Tubes,1.0,70.0,81.0,70.0,81.0,11.0,11.0
1942,1942,03/30/16,2016.0,March,34.0,M,United States,Oregon,Accessories,Tires and Tubes,1.0,848.0,1088.0,848.0,1088.0,240.0,240.0
1943,1943,07/03/16,2016.0,July,34.0,M,United States,Oregon,Accessories,Tires and Tubes,2.0,315.0,384.0,630.0,768.0,138.0,69.0
1944,1944,07/03/16,2016.0,July,34.0,M,United States,Oregon,Accessories,Tires and Tubes,1.0,100.0,110.0,100.0,110.0,10.0,10.0
1945,1945,07/23/16,2016.0,July,34.0,M,United States,Oregon,Accessories,Tires and Tubes,2.0,42.5,58.0,85.0,116.0,31.0,15.5
1946,1946,07/23/16,2016.0,July,34.0,M,United States,Oregon,Accessories,Tires and Tubes,1.0,29.0,36.0,29.0,36.0,7.0,7.0
1947,1947,10/28/15,2015.0,October,34.0,M,United States,Oregon,Accessories,Tires and Tubes,2.0,12.0,14.0,24.0,28.0,4.0,2.0
1948,1948,10/28/15,2015.0,October,34.0,M,United States,Oregon,Accessories,Tires and Tubes,2.0,375.0,389.0,750.0,778.0,28.0,14.0
1949,1949,02/17/16,2016.0,February,36.0,F,United States,Washington,Accessories,Tires and Tubes,1.0,870.0,1243.0,870.0,1243.0,373.0,373.0
1950,1950,02/17/16,2016.0,February,36.0,F,United States,Washington,Accessories,Tires and Tubes,3.0,25.0,32.0,75.0,96.0,21.0,7.0
1951,1951,03/06/16,2016.0,March,36.0,F,United States,Washington,Accessories,Cleaners,3.0,53.0,64.0,159.0,192.0,33.0,11.0
1952,1952,03/07/16,2016.0,March,36.0,F,United States,Washington,Accessories,Tires and Tubes,3.0,93.33,104.666667,280.0,314.0,34.0,11.336667000000006
1953,1953,03/07/16,2016.0,March,36.0,F,United States,Washington,Accessories,Tires and Tubes,1.0,30.0,38.0,30.0,38.0,8.0,8.0
1954,1954,03/21/16,2016.0,March,36.0,F,United States,Washington,Accessories,Tires and Tubes,2.0,150.5,193.5,301.0,387.0,86.0,43.0
1955,1955,03/21/16,2016.0,March,36.0,F,United States,Washington,Accessories,Tires and Tubes,2.0,22.0,25.0,44.0,50.0,6.0,3.0
1956,1956,04/05/16,2016.0,April,36.0,F,United States,Washington,Accessories,Tires and Tubes,2.0,50.0,55.5,100.0,111.0,11.0,5.5
1957,1957,04/05/16,2016.0,April,36.0,F,United States,Washington,Accessories,Tires and Tubes,1.0,319.0,431.0,319.0,431.0,112.0,112.0
1958,1958,04/25/16,2016.0,April,36.0,F,United States,Washington,Accessories,Tires and Tubes,3.0,38.33,51.0,115.0,153.0,38.0,12.670000000000002
1959,1959,04/25/16,2016.0,April,36.0,F,United States,Washington,Accessories,Tires and Tubes,1.0,980.0,1199.0,980.0,1199.0,219.0,219.0
1960,1960,04/25/16,2016.0,April,36.0,F,United States,Washington,Accessories,Tires and Tubes,1.0,32.0,42.0,32.0,42.0,10.0,10.0
1961,1961,04/28/16,2016.0,April,36.0,F,United States,Washington,Accessories,Tires and Tubes,3.0,175.0,203.666667,525.0,611.0,86.0,28.66666699999999
1962,1962,04/28/16,2016.0,April,36.0,F,United States,Washington,Accessories,Tires and Tubes,3.0,23.33,24.666667,70.0,74.0,4.0,1.336667000000002
1963,1963,06/27/16,2016.0,June,36.0,F,United States,Washington,Accessories,Tires and Tubes,2.0,25.0,30.5,50.0,61.0,11.0,5.5
1964,1964,06/27/16,2016.0,June,36.0,F,United States,Washington,Accessories,Tires and Tubes,1.0,240.0,331.0,240.0,331.0,91.0,91.0
1965,1965,07/08/16,2016.0,July,36.0,F,United States,Washington,Accessories,Tires and Tubes,1.0,28.0,33.0,28.0,33.0,5.0,5.0
1966,1966,07/08/16,2016.0,July,36.0,F,United States,Washington,Accessories,Tires and Tubes,1.0,228.0,279.0,228.0,279.0,51.0,51.0
1967,1967,07/24/16,2016.0,July,36.0,F,United States,Washington,Accessories,Tires and Tubes,3.0,10.0,13.333333,30.0,40.0,10.0,3.3333329999999997
1968,1968,07/24/16,2016.0,July,36.0,F,United States,Washington,Accessories,Tires and Tubes,1.0,64.0,76.0,64.0,76.0,12.0,12.0
1969,1969,07/31/16,2016.0,July,36.0,F,United States,Washington,Accessories,Tires and Tubes,1.0,25.0,30.0,25.0,30.0,5.0,5.0
1970,1970,07/31/16,2016.0,July,36.0,F,United States,Washington,Accessories,Tires and Tubes,2.0,240.0,265.5,480.0,531.0,51.0,25.5
1971,1971,07/31/16,2016.0,July,36.0,F,United States,Washington,Accessories,Tires and Tubes,2.0,4.5,5.5,9.0,11.0,2.0,1.0
1972,1972,08/15/15,2015.0,August,36.0,F,United States,Washington,Accessories,Tires and Tubes,3.0,6.67,7.666667,20.0,23.0,3.0,0.9966670000000004
1973,1973,08/15/15,2015.0,August,36.0,F,United States,Washington,Accessories,Tires and Tubes,2.0,22.0,24.0,44.0,48.0,4.0,2.0
1974,1974,09/02/15,2015.0,September,36.0,F,United States,Washington,Accessories,Tires and Tubes,2.0,35.0,39.0,70.0,78.0,8.0,4.0
1975,1975,09/02/15,2015.0,September,36.0,F,United States,Washington,Accessories,Tires and Tubes,2.0,525.0,504.0,1050.0,1008.0,-42.0,-21.0
1976,1976,10/02/15,2015.0,October,36.0,F,United States,Washington,Accessories,Tires and Tubes,3.0,36.67,39.333333,110.0,118.0,8.0,2.6633330000000015
1977,1977,10/05/15,2015.0,October,36.0,F,United States,Washington,Accessories,Tires and Tubes,2.0,5.0,6.0,10.0,12.0,2.0,1.0
1978,1978,11/17/15,2015.0,November,36.0,F,United States,Washington,Accessories,Cleaners,1.0,16.0,17.0,16.0,17.0,1.0,1.0
1979,1979,11/17/15,2015.0,November,36.0,F,United States,Washington,Accessories,Bike Stands,2.0,159.0,192.0,318.0,384.0,66.0,33.0
1980,1980,12/08/15,2015.0,December,36.0,F,United States,Washington,Accessories,Cleaners,2.0,75.5,75.0,151.0,150.0,-1.0,-0.5
1981,1981,08/22/15,2015.0,August,36.0,M,United States,California,Accessories,Cleaners,1.0,199.0,190.0,199.0,190.0,-9.0,-9.0
1982,1982,04/25/16,2016.0,April,37.0,M,United States,California,Accessories,Cleaners,1.0,239.0,323.0,239.0,323.0,84.0,84.0
1983,1983,02/03/16,2016.0,February,30.0,M,United States,California,Accessories,Helmets,2.0,175.0,236.5,350.0,473.0,123.0,61.5
1984,1984,03/09/16,2016.0,March,30.0,M,United States,California,Accessories,Helmets,2.0,437.5,527.0,875.0,1054.0,179.0,89.5
1985,1985,03/16/16,2016.0,March,30.0,M,United States,California,Accessories,Bottles and Cages,2.0,130.5,157.0,261.0,314.0,53.0,26.5
1986,1986,03/16/16,2016.0,March,30.0,M,United States,California,Accessories,Bottles and Cages,1.0,130.0,146.0,130.0,146.0,16.0,16.0
1987,1987,03/20/16,2016.0,March,30.0,M,United States,California,Accessories,Helmets,1.0,805.0,1004.0,805.0,1004.0,199.0,199.0
1988,1988,03/27/16,2016.0,March,30.0,M,United States,California,Accessories,Bottles and Cages,2.0,85.5,118.0,171.0,236.0,65.0,32.5
1989,1989,03/27/16,2016.0,March,30.0,M,United States,California,Accessories,Bottles and Cages,2.0,57.5,79.0,115.0,158.0,43.0,21.5
1990,1990,04/25/16,2016.0,April,30.0,M,United States,California,Accessories,Helmets,3.0,151.67,184.666667,455.0,554.0,99.0,32.996667
1991,1991,05/01/16,2016.0,May,30.0,M,United States,California,Accessories,Bottles and Cages,1.0,225.0,264.0,225.0,264.0,39.0,39.0
1992,1992,05/01/16,2016.0,May,30.0,M,United States,California,Accessories,Bottles and Cages,2.0,62.5,81.5,125.0,163.0,38.0,19.0
1993,1993,05/10/16,2016.0,May,30.0,M,United States,California,Accessories,Bottles and Cages,3.0,18.33,24.0,55.0,72.0,17.0,5.670000000000002
1994,1994,05/10/16,2016.0,May,30.0,M,United States,California,Accessories,Bottles and Cages,3.0,12.0,14.333333,36.0,43.0,7.0,2.3333329999999997
1995,1995,06/26/16,2016.0,June,30.0,M,United States,California,Accessories,Helmets,3.0,186.67,259.666667,560.0,779.0,219.0,72.99666700000003
1996,1996,07/01/16,2016.0,July,30.0,M,United States,California,Accessories,Helmets,1.0,105.0,124.0,105.0,124.0,19.0,19.0
1997,1997,07/08/16,2016.0,July,30.0,M,United States,California,Accessories,Helmets,1.0,175.0,228.0,175.0,228.0,53.0,53.0
1998,1998,07/18/16,2016.0,July,30.0,M,United States,California,Accessories,Helmets,2.0,70.0,80.5,140.0,161.0,21.0,10.5
1999,1999,07/09/15,2015.0,July,30.0,M,United States,California,Accessories,Bottles and Cages,3.0,23.33,27.333333,70.0,82.0,12.0,4.003333000000001
2000,2000,07/09/15,2015.0,July,30.0,M,United States,California,Accessories,Bottles and Cages,2.0,20.0,23.5,40.0,47.0,7.0,3.5
2001,2001,07/09/15,2015.0,July,30.0,M,United States,California,Accessories,Helmets,2.0,192.5,203.0,385.0,406.0,21.0,10.5
2002,2002,07/20/15,2015.0,July,30.0,M,United States,California,Accessories,Bottles and Cages,1.0,10.0,12.0,10.0,12.0,2.0,2.0
2003,2003,08/03/15,2015.0,August,30.0,M,United States,California,Accessories,Helmets,1.0,770.0,811.0,770.0,811.0,41.0,41.0
2004,2004,08/12/15,2015.0,August,30.0,M,United States,California,Accessories,Helmets,1.0,420.0,435.0,420.0,435.0,15.0,15.0
2005,2005,08/14/15,2015.0,August,30.0,M,United States,California,Accessories,Bottles and Cages,3.0,45.0,44.666667,135.0,134.0,-1.0,-0.3333330000000032
2006,2006,08/14/15,2015.0,August,30.0,M,United States,California,Accessories,Bottles and Cages,2.0,25.0,30.0,50.0,60.0,10.0,5.0
2007,2007,08/29/15,2015.0,August,30.0,M,United States,California,Accessories,Helmets,1.0,700.0,772.0,700.0,772.0,72.0,72.0
2008,2008,08/31/15,2015.0,August,30.0,M,United States,California,Accessories,Helmets,3.0,268.33,308.666667,805.0,926.0,121.0,40.336667000000034
2009,2009,09/18/15,2015.0,September,30.0,M,United States,California,Accessories,Helmets,1.0,945.0,1076.0,945.0,1076.0,131.0,131.0
2010,2010,09/21/15,2015.0,September,30.0,M,United States,California,Accessories,Helmets,1.0,35.0,38.0,35.0,38.0,3.0,3.0
2011,2011,10/16/15,2015.0,October,30.0,M,United States,California,Accessories,Helmets,1.0,350.0,388.0,350.0,388.0,38.0,38.0
2012,2012,10/23/15,2015.0,October,30.0,M,United States,California,Accessories,Bottles and Cages,2.0,57.5,65.0,115.0,130.0,15.0,7.5
2013,2013,10/23/15,2015.0,October,30.0,M,United States,California,Accessories,Bottles and Cages,1.0,300.0,297.0,300.0,297.0,-3.0,-3.0
2014,2014,10/25/15,2015.0,October,30.0,M,United States,California,Accessories,Bottles and Cages,1.0,45.0,45.0,45.0,45.0,0.0,0.0
2015,2015,11/06/15,2015.0,November,30.0,M,United States,California,Accessories,Bottles and Cages,2.0,30.0,33.0,60.0,66.0,6.0,3.0
2016,2016,11/06/15,2015.0,November,30.0,M,United States,California,Accessories,Bottles and Cages,1.0,105.0,112.0,105.0,112.0,7.0,7.0
2017,2017,11/08/15,2015.0,November,30.0,M,United States,California,Accessories,Helmets,2.0,140.0,150.5,280.0,301.0,21.0,10.5
2018,2018,11/17/15,2015.0,November,30.0,M,United States,California,Accessories,Bottles and Cages,2.0,5.0,5.5,10.0,11.0,1.0,0.5
2019,2019,11/17/15,2015.0,November,30.0,M,United States,California,Accessories,Bottles and Cages,1.0,90.0,96.0,90.0,96.0,6.0,6.0
2020,2020,12/08/15,2015.0,December,30.0,M,United States,California,Accessories,Bottles and Cages,3.0,56.67,64.666667,170.0,194.0,24.0,7.996667000000002
2021,2021,12/08/15,2015.0,December,30.0,M,United States,California,Accessories,Bottles and Cages,1.0,15.0,16.0,15.0,16.0,1.0,1.0
2022,2022,12/08/15,2015.0,December,30.0,M,United States,California,Accessories,Helmets,3.0,46.67,46.333333,140.0,139.0,-1.0,-0.3366669999999985
2023,2023,12/12/15,2015.0,December,30.0,M,United States,California,Accessories,Helmets,1.0,595.0,674.0,595.0,674.0,79.0,79.0
2024,2024,12/26/15,2015.0,December,30.0,M,United States,California,Accessories,Helmets,2.0,70.0,81.5,140.0,163.0,23.0,11.5
2025,2025,12/30/15,2015.0,December,30.0,M,United States,California,Accessories,Bottles and Cages,3.0,54.0,61.666667,162.0,185.0,23.0,7.666666999999997
2026,2026,12/30/15,2015.0,December,30.0,M,United States,California,Accessories,Bottles and Cages,2.0,7.5,7.5,15.0,15.0,0.0,0.0
2027,2027,05/05/16,2016.0,May,37.0,M,United States,Oregon,Clothing,Gloves,1.0,196.0,246.0,196.0,246.0,50.0,50.0
2028,2028,10/12/15,2015.0,October,38.0,F,United States,Oregon,Accessories,Cleaners,1.0,24.0,26.0,24.0,26.0,2.0,2.0
2029,2029,02/27/16,2016.0,February,38.0,M,United States,California,Accessories,Cleaners,1.0,87.0,96.0,87.0,96.0,9.0,9.0
2030,2030,06/04/16,2016.0,June,38.0,M,United States,California,Clothing,Vests,1.0,1016.0,1287.0,1016.0,1287.0,271.0,271.0
2031,2031,06/19/16,2016.0,June,38.0,M,United States,California,Accessories,Cleaners,1.0,56.0,72.0,56.0,72.0,16.0,16.0
2032,2032,06/30/16,2016.0,June,38.0,M,United States,California,Accessories,Cleaners,3.0,50.33,67.333333,151.0,202.0,51.0,17.003332999999998
2033,2033,07/22/16,2016.0,July,38.0,M,United States,California,Clothing,Vests,1.0,1143.0,1329.0,1143.0,1329.0,186.0,186.0
2034,2034,09/22/15,2015.0,September,38.0,M,United States,California,Accessories,Cleaners,1.0,215.0,237.0,215.0,237.0,22.0,22.0
2035,2035,09/22/15,2015.0,September,38.0,M,United States,California,Accessories,Cleaners,1.0,32.0,32.0,32.0,32.0,0.0,0.0
2036,2036,10/05/15,2015.0,October,38.0,M,United States,California,Clothing,Vests,1.0,1334.0,1366.0,1334.0,1366.0,32.0,32.0
2037,2037,12/23/15,2015.0,December,38.0,M,United States,California,Clothing,Vests,3.0,190.67,209.333333,572.0,628.0,56.0,18.663333000000023
2038,2038,01/10/16,2016.0,January,38.0,M,United States,Washington,Accessories,Tires and Tubes,3.0,14.67,16.666667,44.0,50.0,6.0,1.9966670000000004
2039,2039,01/10/16,2016.0,January,38.0,M,United States,Washington,Accessories,Cleaners,2.0,8.0,10.0,16.0,20.0,4.0,2.0
2040,2040,01/13/16,2016.0,January,38.0,M,United States,Washington,Accessories,Cleaners,2.0,24.0,27.0,48.0,54.0,6.0,3.0
2041,2041,01/31/16,2016.0,January,38.0,M,United States,Washington,Accessories,Tires and Tubes,1.0,240.0,301.0,240.0,301.0,61.0,61.0
2042,2042,01/31/16,2016.0,January,38.0,M,United States,Washington,Accessories,Tires and Tubes,3.0,48.33,58.333333,145.0,175.0,30.0,10.003333000000005
2043,2043,04/07/16,2016.0,April,38.0,M,United States,Washington,Accessories,Tires and Tubes,1.0,95.0,110.0,95.0,110.0,15.0,15.0
2044,2044,05/28/16,2016.0,May,38.0,M,United States,Washington,Accessories,Tires and Tubes,1.0,350.0,402.0,350.0,402.0,52.0,52.0
2045,2045,08/01/15,2015.0,August,38.0,M,United States,Washington,Accessories,Tires and Tubes,2.0,44.0,51.5,88.0,103.0,15.0,7.5
2046,2046,08/01/15,2015.0,August,38.0,M,United States,Washington,Accessories,Tires and Tubes,3.0,282.67,294.333333,848.0,883.0,35.0,11.663332999999966
2047,2047,08/21/15,2015.0,August,38.0,M,United States,Washington,Accessories,Tires and Tubes,3.0,5.0,5.333333,15.0,16.0,1.0,0.33333299999999966
2048,2048,08/21/15,2015.0,August,38.0,M,United States,Washington,Accessories,Tires and Tubes,3.0,268.33,281.0,805.0,843.0,38.0,12.670000000000016
2049,2049,09/23/15,2015.0,September,38.0,M,United States,Washington,Accessories,Tires and Tubes,2.0,172.0,192.0,344.0,384.0,40.0,20.0
2050,2050,10/03/15,2015.0,October,38.0,M,United States,Washington,Accessories,Tires and Tubes,2.0,10.0,10.5,20.0,21.0,1.0,0.5
2051,2051,10/03/15,2015.0,October,38.0,M,United States,Washington,Accessories,Tires and Tubes,3.0,7.0,7.333333,21.0,22.0,1.0,0.33333299999999966
2052,2052,10/06/15,2015.0,October,38.0,M,United States,Washington,Accessories,Tires and Tubes,1.0,85.0,99.0,85.0,99.0,14.0,14.0
2053,2053,10/06/15,2015.0,October,38.0,M,United States,Washington,Accessories,Tires and Tubes,2.0,29.0,30.0,58.0,60.0,2.0,1.0
2054,2054,12/15/15,2015.0,December,38.0,M,United States,Washington,Accessories,Cleaners,2.0,67.5,72.5,135.0,145.0,10.0,5.0
2055,2055,01/01/16,2016.0,January,39.0,F,United States,California,Accessories,Helmets,1.0,210.0,271.0,210.0,271.0,61.0,61.0
2056,2056,01/06/16,2016.0,January,39.0,F,United States,California,Accessories,Helmets,2.0,507.5,642.5,1015.0,1285.0,270.0,135.0
2057,2057,01/06/16,2016.0,January,39.0,F,United States,California,Clothing,Gloves,2.0,134.5,155.0,269.0,310.0,41.0,20.5
2058,2058,01/18/16,2016.0,January,39.0,F,United States,California,Accessories,Tires and Tubes,2.0,90.0,111.0,180.0,222.0,42.0,21.0
2059,2059,01/19/16,2016.0,January,39.0,F,United States,California,Accessories,Tires and Tubes,3.0,33.33,44.333333,100.0,133.0,33.0,11.003333000000005
2060,2060,01/19/16,2016.0,January,39.0,F,United States,California,Accessories,Tires and Tubes,3.0,290.0,396.333333,870.0,1189.0,319.0,106.33333299999998
2061,2061,01/19/16,2016.0,January,39.0,F,United States,California,Accessories,Tires and Tubes,2.0,10.5,12.5,21.0,25.0,4.0,2.0
2062,2062,01/20/16,2016.0,January,39.0,F,United States,California,Accessories,Tires and Tubes,1.0,875.0,1131.0,875.0,1131.0,256.0,256.0
2063,2063,01/20/16,2016.0,January,39.0,F,United States,California,Accessories,Fenders,1.0,198.0,273.0,198.0,273.0,75.0,75.0
2064,2064,01/20/16,2016.0,January,39.0,F,United States,California,Accessories,Helmets,3.0,116.67,134.666667,350.0,404.0,54.0,17.996666999999988
2065,2065,01/20/16,2016.0,January,39.0,F,United States,California,Clothing,Gloves,2.0,61.0,76.5,122.0,153.0,31.0,15.5
2066,2066,02/12/16,2016.0,February,39.0,F,United States,California,Accessories,Tires and Tubes,1.0,116.0,140.0,116.0,140.0,24.0,24.0
2067,2067,02/12/16,2016.0,February,39.0,F,United States,California,Accessories,Tires and Tubes,1.0,135.0,171.0,135.0,171.0,36.0,36.0
2068,2068,02/15/16,2016.0,February,39.0,F,United States,California,Accessories,Fenders,1.0,506.0,664.0,506.0,664.0,158.0,158.0
2069,2069,02/15/16,2016.0,February,39.0,F,United States,California,Accessories,Tires and Tubes,2.0,30.0,36.5,60.0,73.0,13.0,6.5
2070,2070,02/16/16,2016.0,February,39.0,F,United States,California,Accessories,Tires and Tubes,3.0,100.0,116.666667,300.0,350.0,50.0,16.666667000000004
2071,2071,02/16/16,2016.0,February,39.0,F,United States,California,Accessories,Tires and Tubes,2.0,30.0,38.5,60.0,77.0,17.0,8.5
2072,2072,02/16/16,2016.0,February,39.0,F,United States,California,Accessories,Helmets,2.0,437.5,544.5,875.0,1089.0,214.0,107.0
2073,2073,02/16/16,2016.0,February,39.0,F,United States,California,Clothing,Gloves,3.0,32.67,35.0,98.0,105.0,7.0,2.3299999999999983
2074,2074,02/28/16,2016.0,February,39.0,F,United States,California,Accessories,Helmets,3.0,58.33,70.666667,175.0,212.0,37.0,12.336667000000006
2075,2075,03/15/16,2016.0,March,39.0,F,United States,California,Accessories,Tires and Tubes,2.0,240.0,276.0,480.0,552.0,72.0,36.0
2076,2076,03/28/16,2016.0,March,39.0,F,United States,California,Accessories,Helmets,2.0,52.5,63.5,105.0,127.0,22.0,11.0
2077,2077,04/05/16,2016.0,April,39.0,F,United States,California,Accessories,Tires and Tubes,2.0,210.0,273.0,420.0,546.0,126.0,63.0
2078,2078,04/05/16,2016.0,April,39.0,F,United States,California,Accessories,Tires and Tubes,1.0,60.0,75.0,60.0,75.0,15.0,15.0
2079,2079,04/05/16,2016.0,April,39.0,F,United States,California,Clothing,Socks,2.0,36.0,49.5,72.0,99.0,27.0,13.5
2080,2080,04/21/16,2016.0,April,39.0,F,United States,California,Accessories,Tires and Tubes,1.0,365.0,442.0,365.0,442.0,77.0,77.0
2081,2081,04/22/16,2016.0,April,39.0,F,United States,California,Accessories,Tires and Tubes,3.0,5.0,6.333333,15.0,19.0,4.0,1.3333329999999997
2082,2082,04/22/16,2016.0,April,39.0,F,United States,California,Accessories,Helmets,3.0,256.67,306.333333,770.0,919.0,149.0,49.663332999999966
2083,2083,04/22/16,2016.0,April,39.0,F,United States,California,Clothing,Gloves,2.0,232.5,328.5,465.0,657.0,192.0,96.0
2084,2084,05/08/16,2016.0,May,39.0,F,United States,California,Clothing,Gloves,1.0,318.0,404.0,318.0,404.0,86.0,86.0
2085,2085,05/08/16,2016.0,May,39.0,F,United States,California,Accessories,Helmets,1.0,70.0,93.0,70.0,93.0,23.0,23.0
2086,2086,05/08/16,2016.0,May,39.0,F,United States,California,Accessories,Tires and Tubes,1.0,625.0,757.0,625.0,757.0,132.0,132.0
2087,2087,05/08/16,2016.0,May,39.0,F,United States,California,Accessories,Tires and Tubes,3.0,3.0,3.333333,9.0,10.0,1.0,0.3333330000000001
2088,2088,05/11/16,2016.0,May,39.0,F,United States,California,Accessories,Tires and Tubes,1.0,665.0,816.0,665.0,816.0,151.0,151.0
2089,2089,05/11/16,2016.0,May,39.0,F,United States,California,Accessories,Tires and Tubes,2.0,15.0,20.5,30.0,41.0,11.0,5.5
2090,2090,05/11/16,2016.0,May,39.0,F,United States,California,Accessories,Helmets,1.0,910.0,1109.0,910.0,1109.0,199.0,199.0
2091,2091,05/12/16,2016.0,May,39.0,F,United States,California,Accessories,Helmets,1.0,140.0,181.0,140.0,181.0,41.0,41.0
2092,2092,05/15/16,2016.0,May,39.0,F,United States,California,Accessories,Helmets,2.0,437.5,535.0,875.0,1070.0,195.0,97.5
2093,2093,06/06/16,2016.0,June,39.0,F,United States,California,Clothing,Gloves,1.0,637.0,808.0,637.0,808.0,171.0,171.0
2094,2094,06/07/16,2016.0,June,39.0,F,United States,California,Accessories,Helmets,3.0,221.67,252.666667,665.0,758.0,93.0,30.996667000000002
2095,2095,07/14/16,2016.0,July,39.0,F,United States,California,Accessories,Tires and Tubes,1.0,130.0,144.0,130.0,144.0,14.0,14.0
2096,2096,07/14/16,2016.0,July,39.0,F,United States,California,Accessories,Tires and Tubes,1.0,37.0,41.0,37.0,41.0,4.0,4.0
2097,2097,07/19/16,2016.0,July,39.0,F,United States,California,Accessories,Tires and Tubes,1.0,300.0,374.0,300.0,374.0,74.0,74.0
2098,2098,07/19/16,2016.0,July,39.0,F,United States,California,Accessories,Tires and Tubes,1.0,46.0,56.0,46.0,56.0,10.0,10.0
2099,2099,07/31/16,2016.0,July,39.0,F,United States,California,Accessories,Fenders,3.0,161.33,186.0,484.0,558.0,74.0,24.669999999999987
2100,2100,08/07/15,2015.0,August,39.0,F,United States,California,Accessories,Tires and Tubes,2.0,55.0,59.5,110.0,119.0,9.0,4.5
2101,2101,08/07/15,2015.0,August,39.0,F,United States,California,Accessories,Helmets,3.0,70.0,86.0,210.0,258.0,48.0,16.0
2102,2102,09/08/15,2015.0,September,39.0,F,United States,California,Accessories,Tires and Tubes,3.0,81.67,83.333333,245.0,250.0,5.0,1.6633329999999944
2103,2103,09/08/15,2015.0,September,39.0,F,United States,California,Accessories,Tires and Tubes,2.0,37.5,43.0,75.0,86.0,11.0,5.5
2104,2104,09/08/15,2015.0,September,39.0,F,United States,California,Accessories,Helmets,3.0,70.0,70.0,210.0,210.0,0.0,0.0
2105,2105,09/20/15,2015.0,September,39.0,F,United States,California,Accessories,Helmets,3.0,268.33,314.666667,805.0,944.0,139.0,46.336667000000034
2106,2106,09/21/15,2015.0,September,39.0,F,United States,California,Accessories,Tires and Tubes,3.0,140.0,145.0,420.0,435.0,15.0,5.0
2107,2107,09/21/15,2015.0,September,39.0,F,United States,California,Accessories,Tires and Tubes,2.0,37.5,40.0,75.0,80.0,5.0,2.5
2108,2108,09/21/15,2015.0,September,39.0,F,United States,California,Accessories,Helmets,1.0,175.0,177.0,175.0,177.0,2.0,2.0
2109,2109,09/30/15,2015.0,September,39.0,F,United States,California,Accessories,Tires and Tubes,2.0,70.0,79.5,140.0,159.0,19.0,9.5
2110,2110,09/30/15,2015.0,September,39.0,F,United States,California,Accessories,Tires and Tubes,2.0,15.0,15.5,30.0,31.0,1.0,0.5
2111,2111,09/30/15,2015.0,September,39.0,F,United States,California,Clothing,Socks,2.0,130.5,139.5,261.0,279.0,18.0,9.0
2112,2112,10/15/15,2015.0,October,39.0,F,United States,California,Accessories,Tires and Tubes,3.0,116.67,136.0,350.0,408.0,58.0,19.33
2113,2113,10/15/15,2015.0,October,39.0,F,United States,California,Accessories,Tires and Tubes,1.0,60.0,69.0,60.0,69.0,9.0,9.0
2114,2114,10/18/15,2015.0,October,39.0,F,United States,California,Accessories,Tires and Tubes,2.0,348.0,365.0,696.0,730.0,34.0,17.0
2115,2115,10/18/15,2015.0,October,39.0,F,United States,California,Accessories,Tires and Tubes,1.0,150.0,172.0,150.0,172.0,22.0,22.0
2116,2116,10/18/15,2015.0,October,39.0,F,United States,California,Accessories,Tires and Tubes,3.0,16.67,18.666667,50.0,56.0,6.0,1.9966669999999986
2117,2117,10/28/15,2015.0,October,39.0,F,United States,California,Accessories,Tires and Tubes,3.0,3.33,3.666667,10.0,11.0,1.0,0.3366669999999998
2118,2118,10/28/15,2015.0,October,39.0,F,United States,California,Accessories,Tires and Tubes,1.0,420.0,432.0,420.0,432.0,12.0,12.0
2119,2119,10/28/15,2015.0,October,39.0,F,United States,California,Accessories,Helmets,1.0,980.0,1034.0,980.0,1034.0,54.0,54.0
2120,2120,11/05/15,2015.0,November,39.0,F,United States,California,Accessories,Tires and Tubes,1.0,75.0,83.0,75.0,83.0,8.0,8.0
2121,2121,11/05/15,2015.0,November,39.0,F,United States,California,Accessories,Helmets,3.0,315.0,373.333333,945.0,1120.0,175.0,58.33333299999998
2122,2122,11/07/15,2015.0,November,39.0,F,United States,California,Accessories,Helmets,2.0,455.0,523.5,910.0,1047.0,137.0,68.5
2123,2123,11/18/15,2015.0,November,39.0,F,United States,California,Accessories,Helmets,2.0,227.5,268.5,455.0,537.0,82.0,41.0
2124,2124,11/23/15,2015.0,November,39.0,F,United States,California,Accessories,Tires and Tubes,2.0,120.0,130.0,240.0,260.0,20.0,10.0
2125,2125,11/23/15,2015.0,November,39.0,F,United States,California,Accessories,Tires and Tubes,2.0,32.0,38.0,64.0,76.0,12.0,6.0
2126,2126,12/05/15,2015.0,December,39.0,F,United States,California,Accessories,Helmets,2.0,525.0,612.0,1050.0,1224.0,174.0,87.0
2127,2127,12/19/15,2015.0,December,39.0,F,United States,California,Accessories,Tires and Tubes,1.0,16.0,19.0,16.0,19.0,3.0,3.0
2128,2128,12/25/15,2015.0,December,39.0,F,United States,California,Accessories,Tires and Tubes,1.0,41.0,47.0,41.0,47.0,6.0,6.0
2129,2129,12/29/15,2015.0,December,39.0,F,United States,California,Accessories,Tires and Tubes,2.0,45.0,45.5,90.0,91.0,1.0,0.5
2130,2130,07/12/16,2016.0,July,18.0,F,United States,California,Accessories,Cleaners,2.0,51.5,64.0,103.0,128.0,25.0,12.5
2131,2131,12/21/15,2015.0,December,19.0,F,United States,Washington,Accessories,Hydration Packs,1.0,605.0,730.0,605.0,730.0,125.0,125.0
2132,2132,01/20/16,2016.0,January,19.0,F,United States,Washington,Accessories,Cleaners,2.0,91.5,119.0,183.0,238.0,55.0,27.5
2133,2133,07/31/16,2016.0,July,19.0,F,United States,Washington,Accessories,Cleaners,3.0,55.67,72.333333,167.0,217.0,50.0,16.663332999999994
2134,2134,10/05/15,2015.0,October,20.0,M,United States,Washington,Bikes,Mountain Bikes,2.0,1160.0,1088.5,2320.0,2177.0,-143.0,-71.5
2135,2135,12/12/15,2015.0,December,20.0,M,United States,Washington,Bikes,Mountain Bikes,3.0,773.33,704.333333,2320.0,2113.0,-207.0,-68.996667
2136,2136,12/29/15,2015.0,December,20.0,M,United States,Washington,Bikes,Mountain Bikes,2.0,1160.0,962.0,2320.0,1924.0,-396.0,-198.0
2137,2137,09/21/15,2015.0,September,20.0,M,United States,Washington,Clothing,Jerseys,3.0,416.67,450.333333,1250.0,1351.0,101.0,33.663332999999966
2138,2138,10/26/15,2015.0,October,20.0,M,United States,Washington,Clothing,Jerseys,2.0,216.0,213.0,432.0,426.0,-6.0,-3.0
2139,2139,12/12/15,2015.0,December,20.0,M,United States,Washington,Clothing,Jerseys,2.0,725.0,855.5,1450.0,1711.0,261.0,130.5
2140,2140,08/02/15,2015.0,August,20.0,M,United States,California,Clothing,Vests,2.0,825.5,947.5,1651.0,1895.0,244.0,122.0
2141,2141,12/21/15,2015.0,December,20.0,M,United States,California,Clothing,Vests,3.0,127.0,125.666667,381.0,377.0,-4.0,-1.333332999999996
2142,2142,03/05/16,2016.0,March,17.0,M,United States,Oregon,Clothing,Jerseys,3.0,16.67,20.666667,50.0,62.0,12.0,3.9966669999999986
2143,2143,07/24/16,2016.0,July,19.0,M,United States,Washington,Clothing,Caps,3.0,75.0,93.333333,225.0,280.0,55.0,18.333332999999996
2144,2144,08/27/15,2015.0,August,19.0,M,United States,Washington,Clothing,Caps,3.0,42.0,44.0,126.0,132.0,6.0,2.0
2145,2145,12/17/15,2015.0,December,19.0,M,United States,Washington,Clothing,Caps,1.0,180.0,184.0,180.0,184.0,4.0,4.0
2146,2146,01/07/15,2015.0,January,19.0,M,United States,Oregon,Bikes,Road Bikes,1.0,1000.0,896.0,1000.0,896.0,-104.0,-104.0
2147,2147,11/15/15,2015.0,November,19.0,M,United States,Oregon,Bikes,Mountain Bikes,3.0,256.33,231.666667,769.0,695.0,-74.0,-24.663332999999994
2148,2148,12/15/15,2015.0,December,19.0,M,United States,Oregon,Bikes,Mountain Bikes,2.0,1147.5,1008.5,2295.0,2017.0,-278.0,-139.0
2149,2149,12/03/15,2015.0,December,19.0,M,United States,California,Clothing,Vests,2.0,667.0,704.5,1334.0,1409.0,75.0,37.5
2150,2150,01/01/15,2015.0,January,19.0,F,United States,Washington,Bikes,Road Bikes,1.0,1000.0,938.0,1000.0,938.0,-62.0,-62.0
2151,2151,01/11/16,2016.0,January,18.0,F,United States,Washington,Clothing,Jerseys,2.0,100.0,112.0,200.0,224.0,24.0,12.0
2152,2152,01/14/16,2016.0,January,18.0,F,United States,Washington,Clothing,Jerseys,3.0,54.0,65.333333,162.0,196.0,34.0,11.333332999999996
2153,2153,01/14/16,2016.0,January,18.0,F,United States,Washington,Accessories,Fenders,2.0,44.0,50.0,88.0,100.0,12.0,6.0
2154,2154,09/28/15,2015.0,September,18.0,F,United States,Washington,Clothing,Jerseys,3.0,433.33,515.666667,1300.0,1547.0,247.0,82.33666699999998
2155,2155,10/14/15,2015.0,October,18.0,F,United States,Washington,Clothing,Jerseys,1.0,1566.0,1780.0,1566.0,1780.0,214.0,214.0
2156,2156,01/02/16,2016.0,January,22.0,M,United States,Washington,Accessories,Helmets,3.0,268.33,369.666667,805.0,1109.0,304.0,101.33666700000003
2157,2157,01/02/16,2016.0,January,22.0,M,United States,Washington,Accessories,Tires and Tubes,1.0,770.0,940.0,770.0,940.0,170.0,170.0
2158,2158,01/02/16,2016.0,January,22.0,M,United States,Washington,Accessories,Tires and Tubes,1.0,10.0,13.0,10.0,13.0,3.0,3.0
2159,2159,01/06/16,2016.0,January,22.0,M,United States,Washington,Accessories,Tires and Tubes,3.0,32.67,43.0,98.0,129.0,31.0,10.329999999999998
2160,2160,01/18/16,2016.0,January,22.0,M,United States,Washington,Accessories,Helmets,2.0,70.0,85.5,140.0,171.0,31.0,15.5
2161,2161,02/01/16,2016.0,February,22.0,M,United States,Washington,Bikes,Road Bikes,2.0,270.0,301.0,540.0,602.0,62.0,31.0
2162,2162,03/10/16,2016.0,March,22.0,M,United States,Washington,Accessories,Helmets,3.0,58.33,79.0,175.0,237.0,62.0,20.67
2163,2163,03/10/16,2016.0,March,22.0,M,United States,Washington,Accessories,Tires and Tubes,2.0,12.5,14.5,25.0,29.0,4.0,2.0
2164,2164,03/28/16,2016.0,March,22.0,M,United States,Washington,Accessories,Helmets,2.0,280.0,368.5,560.0,737.0,177.0,88.5
2165,2165,03/28/16,2016.0,March,22.0,M,United States,Washington,Accessories,Tires and Tubes,3.0,180.0,227.666667,540.0,683.0,143.0,47.66666699999999
2166,2166,03/28/16,2016.0,March,22.0,M,United States,Washington,Accessories,Tires and Tubes,3.0,13.33,16.666667,40.0,50.0,10.0,3.3366670000000003
2167,2167,04/19/16,2016.0,April,22.0,M,United States,Washington,Accessories,Tires and Tubes,1.0,450.0,610.0,450.0,610.0,160.0,160.0
2168,2168,04/19/16,2016.0,April,22.0,M,United States,Washington,Accessories,Tires and Tubes,1.0,16.0,20.0,16.0,20.0,4.0,4.0
2169,2169,04/21/16,2016.0,April,22.0,M,United States,Washington,Accessories,Tires and Tubes,2.0,345.0,382.0,690.0,764.0,74.0,37.0
2170,2170,04/21/16,2016.0,April,22.0,M,United States,Washington,Accessories,Tires and Tubes,3.0,23.0,28.333333,69.0,85.0,16.0,5.333333
2171,2171,05/05/16,2016.0,May,22.0,M,United States,Washington,Accessories,Tires and Tubes,3.0,48.33,61.0,145.0,183.0,38.0,12.670000000000002
2172,2172,05/05/16,2016.0,May,22.0,M,United States,Washington,Accessories,Tires and Tubes,3.0,30.0,38.333333,90.0,115.0,25.0,8.333333000000003
2173,2173,05/25/16,2016.0,May,22.0,M,United States,Washington,Accessories,Helmets,1.0,560.0,634.0,560.0,634.0,74.0,74.0
2174,2174,05/25/16,2016.0,May,22.0,M,United States,Washington,Accessories,Tires and Tubes,1.0,33.0,37.0,33.0,37.0,4.0,4.0
2175,2175,06/20/16,2016.0,June,22.0,M,United States,Washington,Accessories,Tires and Tubes,3.0,191.67,238.0,575.0,714.0,139.0,46.33000000000001
2176,2176,06/20/16,2016.0,June,22.0,M,United States,Washington,Accessories,Tires and Tubes,2.0,28.5,35.5,57.0,71.0,14.0,7.0
2177,2177,06/20/16,2016.0,June,22.0,M,United States,Washington,Accessories,Tires and Tubes,1.0,50.0,61.0,50.0,61.0,11.0,11.0
2178,2178,06/29/16,2016.0,June,22.0,M,United States,Washington,Accessories,Tires and Tubes,2.0,145.0,189.5,290.0,379.0,89.0,44.5
2179,2179,06/29/16,2016.0,June,22.0,M,United States,Washington,Accessories,Tires and Tubes,2.0,22.0,26.0,44.0,52.0,8.0,4.0
2180,2180,06/29/16,2016.0,June,22.0,M,United States,Washington,Accessories,Tires and Tubes,3.0,6.67,9.0,20.0,27.0,7.0,2.33
2181,2181,07/13/16,2016.0,July,22.0,M,United States,Washington,Accessories,Helmets,1.0,350.0,482.0,350.0,482.0,132.0,132.0
2182,2182,07/13/16,2016.0,July,22.0,M,United States,Washington,Accessories,Tires and Tubes,3.0,83.33,111.666667,250.0,335.0,85.0,28.336667000000006
2183,2183,07/13/16,2016.0,July,22.0,M,United States,Washington,Accessories,Tires and Tubes,2.0,45.0,62.0,90.0,124.0,34.0,17.0
2184,2184,08/31/15,2015.0,August,22.0,M,United States,Washington,Accessories,Helmets,1.0,1015.0,1127.0,1015.0,1127.0,112.0,112.0
2185,2185,09/27/15,2015.0,September,22.0,M,United States,Washington,Accessories,Helmets,1.0,1015.0,1112.0,1015.0,1112.0,97.0,97.0
2186,2186,11/07/15,2015.0,November,22.0,M,United States,Washington,Accessories,Tires and Tubes,1.0,145.0,167.0,145.0,167.0,22.0,22.0
2187,2187,11/07/15,2015.0,November,22.0,M,United States,Washington,Accessories,Tires and Tubes,2.0,27.5,30.5,55.0,61.0,6.0,3.0
2188,2188,11/26/15,2015.0,November,22.0,M,United States,Washington,Accessories,Tires and Tubes,1.0,480.0,516.0,480.0,516.0,36.0,36.0
2189,2189,11/26/15,2015.0,November,22.0,M,United States,Washington,Accessories,Tires and Tubes,1.0,30.0,29.0,30.0,29.0,-1.0,-1.0
2190,2190,11/26/15,2015.0,November,22.0,M,United States,Washington,Accessories,Tires and Tubes,3.0,31.67,34.333333,95.0,103.0,8.0,2.6633330000000015
2191,2191,11/26/15,2015.0,November,22.0,M,United States,Washington,Accessories,Helmets,1.0,140.0,142.0,140.0,142.0,2.0,2.0
2192,2192,12/11/15,2015.0,December,22.0,M,United States,Washington,Accessories,Helmets,1.0,980.0,1177.0,980.0,1177.0,197.0,197.0
2193,2193,05/21/16,2016.0,May,23.0,F,United States,California,Accessories,Fenders,1.0,66.0,79.0,66.0,79.0,13.0,13.0
2194,2194,05/05/16,2016.0,May,23.0,M,United States,California,Clothing,Caps,1.0,144.0,185.0,144.0,185.0,41.0,41.0
2195,2195,06/15/16,2016.0,June,23.0,M,United States,California,Clothing,Caps,2.0,18.0,25.0,36.0,50.0,14.0,7.0
2196,2196,12/31/15,2015.0,December,23.0,M,United States,California,Clothing,Caps,1.0,270.0,289.0,270.0,289.0,19.0,19.0
2197,2197,08/10/15,2015.0,August,30.0,M,United States,California,Clothing,Vests,1.0,445.0,470.0,445.0,470.0,25.0,25.0
2198,2198,01/08/16,2016.0,January,54.0,F,United States,Washington,Accessories,Tires and Tubes,3.0,58.33,73.333333,175.0,220.0,45.0,15.003332999999998
2199,2199,01/08/16,2016.0,January,54.0,F,United States,Washington,Accessories,Tires and Tubes,3.0,13.0,17.0,39.0,51.0,12.0,4.0
2200,2200,04/30/16,2016.0,April,54.0,F,United States,Washington,Accessories,Tires and Tubes,1.0,53.0,58.0,53.0,58.0,5.0,5.0
2201,2201,06/05/16,2016.0,June,54.0,F,United States,Washington,Accessories,Tires and Tubes,2.0,47.5,62.5,95.0,125.0,30.0,15.0
2202,2202,06/27/16,2016.0,June,54.0,F,United States,Washington,Accessories,Tires and Tubes,3.0,33.33,40.0,100.0,120.0,20.0,6.670000000000002
2203,2203,06/27/16,2016.0,June,54.0,F,United States,Washington,Accessories,Tires and Tubes,2.0,4.5,5.5,9.0,11.0,2.0,1.0
2204,2204,06/30/16,2016.0,June,54.0,F,United States,Washington,Accessories,Tires and Tubes,3.0,130.0,173.666667,390.0,521.0,131.0,43.66666699999999
2205,2205,10/08/15,2015.0,October,54.0,F,United States,Washington,Accessories,Tires and Tubes,1.0,50.0,55.0,50.0,55.0,5.0,5.0
2206,2206,10/08/15,2015.0,October,54.0,F,United States,Washington,Accessories,Tires and Tubes,1.0,30.0,31.0,30.0,31.0,1.0,1.0
2207,2207,08/07/15,2015.0,August,54.0,F,United States,California,Accessories,Hydration Packs,3.0,220.0,239.666667,660.0,719.0,59.0,19.66666699999999
2208,2208,08/07/15,2015.0,August,54.0,F,United States,California,Accessories,Cleaners,1.0,223.0,261.0,223.0,261.0,38.0,38.0
2209,2209,01/26/16,2016.0,January,53.0,M,United States,Washington,Accessories,Tires and Tubes,3.0,105.0,122.0,315.0,366.0,51.0,17.0
2210,2210,03/13/16,2016.0,March,53.0,M,United States,Washington,Clothing,Jerseys,1.0,200.0,251.0,200.0,251.0,51.0,51.0
2211,2211,03/23/16,2016.0,March,53.0,M,United States,Washington,Accessories,Tires and Tubes,3.0,20.0,26.0,60.0,78.0,18.0,6.0
2212,2212,04/07/16,2016.0,April,53.0,M,United States,Washington,Accessories,Tires and Tubes,2.0,75.0,92.0,150.0,184.0,34.0,17.0
2213,2213,05/16/16,2016.0,May,53.0,M,United States,Washington,Accessories,Tires and Tubes,2.0,140.0,161.0,280.0,322.0,42.0,21.0
2214,2214,08/09/15,2015.0,August,53.0,M,United States,Washington,Accessories,Tires and Tubes,3.0,10.0,11.333333,30.0,34.0,4.0,1.3333329999999997
2215,2215,08/09/15,2015.0,August,53.0,M,United States,Washington,Accessories,Tires and Tubes,1.0,980.0,1012.0,980.0,1012.0,32.0,32.0
2216,2216,09/07/15,2015.0,September,53.0,M,United States,Washington,Clothing,Jerseys,1.0,550.0,526.0,550.0,526.0,-24.0,-24.0
2217,2217,10/03/15,2015.0,October,53.0,M,United States,Washington,Accessories,Tires and Tubes,3.0,315.0,338.666667,945.0,1016.0,71.0,23.666667000000018
2218,2218,10/03/15,2015.0,October,53.0,M,United States,Washington,Accessories,Tires and Tubes,1.0,100.0,107.0,100.0,107.0,7.0,7.0
2219,2219,10/03/15,2015.0,October,53.0,M,United States,Washington,Accessories,Tires and Tubes,2.0,11.5,11.5,23.0,23.0,0.0,0.0
2220,2220,11/29/15,2015.0,November,53.0,M,United States,Washington,Accessories,Tires and Tubes,3.0,105.0,111.666667,315.0,335.0,20.0,6.666667000000004
2221,2221,12/15/15,2015.0,December,53.0,M,United States,Washington,Accessories,Tires and Tubes,1.0,400.0,446.0,400.0,446.0,46.0,46.0
2222,2222,12/15/15,2015.0,December,53.0,M,United States,Washington,Accessories,Tires and Tubes,1.0,53.0,60.0,53.0,60.0,7.0,7.0
2223,2223,05/31/16,2016.0,May,53.0,M,United States,Oregon,Accessories,Tires and Tubes,1.0,90.0,124.0,90.0,124.0,34.0,34.0
2224,2224,05/31/16,2016.0,May,53.0,M,United States,Oregon,Accessories,Tires and Tubes,1.0,70.0,94.0,70.0,94.0,24.0,24.0
2225,2225,05/31/16,2016.0,May,53.0,M,United States,Oregon,Accessories,Cleaners,2.0,59.5,66.5,119.0,133.0,14.0,7.0
2226,2226,06/02/16,2016.0,June,53.0,M,United States,Oregon,Clothing,Jerseys,2.0,575.0,807.0,1150.0,1614.0,464.0,232.0
2227,2227,06/08/16,2016.0,June,53.0,M,United States,Oregon,Clothing,Jerseys,3.0,16.67,22.0,50.0,66.0,16.0,5.329999999999998
2228,2228,09/19/15,2015.0,September,53.0,M,United States,Oregon,Clothing,Jerseys,1.0,1250.0,1254.0,1250.0,1254.0,4.0,4.0
2229,2229,01/27/16,2016.0,January,53.0,M,United States,California,Accessories,Tires and Tubes,1.0,700.0,851.0,700.0,851.0,151.0,151.0
2230,2230,01/27/16,2016.0,January,53.0,M,United States,California,Accessories,Tires and Tubes,2.0,75.0,98.5,150.0,197.0,47.0,23.5
2231,2231,02/08/16,2016.0,February,53.0,M,United States,California,Accessories,Tires and Tubes,2.0,322.5,456.5,645.0,913.0,268.0,134.0
2232,2232,03/01/16,2016.0,March,53.0,M,United States,California,Accessories,Tires and Tubes,2.0,10.0,12.5,20.0,25.0,5.0,2.5
2233,2233,03/01/16,2016.0,March,53.0,M,United States,California,Accessories,Tires and Tubes,3.0,13.67,17.333333,41.0,52.0,11.0,3.6633329999999997
2234,2234,03/08/16,2016.0,March,53.0,M,United States,California,Accessories,Tires and Tubes,2.0,20.0,22.5,40.0,45.0,5.0,2.5
2235,2235,03/21/16,2016.0,March,53.0,M,United States,California,Clothing,Jerseys,1.0,800.0,1101.0,800.0,1101.0,301.0,301.0
2236,2236,03/25/16,2016.0,March,53.0,M,United States,California,Clothing,Jerseys,2.0,325.0,432.0,650.0,864.0,214.0,107.0
2237,2237,04/29/16,2016.0,April,53.0,M,United States,California,Clothing,Jerseys,2.0,324.0,399.5,648.0,799.0,151.0,75.5
2238,2238,05/30/16,2016.0,May,53.0,M,United States,California,Accessories,Tires and Tubes,3.0,81.67,95.666667,245.0,287.0,42.0,13.996667000000002
2239,2239,06/25/16,2016.0,June,53.0,M,United States,California,Clothing,Jerseys,3.0,383.33,459.333333,1150.0,1378.0,228.0,76.003333
2240,2240,06/28/16,2016.0,June,53.0,M,United States,California,Clothing,Jerseys,3.0,150.0,214.0,450.0,642.0,192.0,64.0
2241,2241,07/16/16,2016.0,July,53.0,M,United States,California,Clothing,Jerseys,3.0,66.67,86.0,200.0,258.0,58.0,19.33
2242,2242,07/19/16,2016.0,July,53.0,M,United States,California,Accessories,Tires and Tubes,3.0,23.33,28.666667,70.0,86.0,16.0,5.336667000000002
2243,2243,07/19/16,2016.0,July,53.0,M,United States,California,Accessories,Tires and Tubes,1.0,665.0,858.0,665.0,858.0,193.0,193.0
2244,2244,08/21/15,2015.0,August,53.0,M,United States,California,Accessories,Tires and Tubes,3.0,18.33,17.666667,55.0,53.0,-2.0,-0.663332999999998
2245,2245,08/21/15,2015.0,August,53.0,M,United States,California,Accessories,Tires and Tubes,1.0,175.0,178.0,175.0,178.0,3.0,3.0
2246,2246,08/28/15,2015.0,August,53.0,M,United States,California,Accessories,Tires and Tubes,1.0,945.0,1033.0,945.0,1033.0,88.0,88.0
2247,2247,08/28/15,2015.0,August,53.0,M,United States,California,Accessories,Tires and Tubes,2.0,18.5,19.0,37.0,38.0,1.0,0.5
2248,2248,08/31/15,2015.0,August,53.0,M,United States,California,Accessories,Tires and Tubes,2.0,13.5,15.5,27.0,31.0,4.0,2.0
2249,2249,09/02/15,2015.0,September,53.0,M,United States,California,Accessories,Tires and Tubes,2.0,455.0,510.0,910.0,1020.0,110.0,55.0
2250,2250,09/07/15,2015.0,September,53.0,M,United States,California,Accessories,Tires and Tubes,2.0,57.5,64.5,115.0,129.0,14.0,7.0
2251,2251,09/07/15,2015.0,September,53.0,M,United States,California,Accessories,Tires and Tubes,1.0,350.0,338.0,350.0,338.0,-12.0,-12.0
2252,2252,10/10/15,2015.0,October,53.0,M,United States,California,Accessories,Tires and Tubes,1.0,110.0,110.0,110.0,110.0,0.0,0.0
2253,2253,10/10/15,2015.0,October,53.0,M,United States,California,Accessories,Tires and Tubes,1.0,32.0,33.0,32.0,33.0,1.0,1.0
2254,2254,10/25/15,2015.0,October,53.0,M,United States,California,Accessories,Tires and Tubes,2.0,37.5,39.0,75.0,78.0,3.0,1.5
2255,2255,10/25/15,2015.0,October,53.0,M,United States,California,Accessories,Tires and Tubes,3.0,11.33,13.333333,34.0,40.0,6.0,2.0033329999999996
2256,2256,10/26/15,2015.0,October,53.0,M,United States,California,Clothing,Jerseys,3.0,483.33,522.333333,1450.0,1567.0,117.0,39.003333000000055
2257,2257,10/27/15,2015.0,October,53.0,M,United States,California,Clothing,Jerseys,3.0,300.0,342.666667,900.0,1028.0,128.0,42.66666700000002
2258,2258,12/02/15,2015.0,December,53.0,M,United States,California,Clothing,Jerseys,1.0,900.0,982.0,900.0,982.0,82.0,82.0
2259,2259,12/08/15,2015.0,December,53.0,M,United States,California,Clothing,Jerseys,3.0,133.33,136.666667,400.0,410.0,10.0,3.336666999999977
2260,2260,01/06/16,2016.0,January,53.0,F,United States,California,Clothing,Jerseys,1.0,1350.0,1519.0,1350.0,1519.0,169.0,169.0
2261,2261,04/18/16,2016.0,April,53.0,F,United States,California,Clothing,Jerseys,1.0,700.0,864.0,700.0,864.0,164.0,164.0
2262,2262,07/27/16,2016.0,July,53.0,F,United States,California,Clothing,Jerseys,2.0,50.0,58.0,100.0,116.0,16.0,8.0
2263,2263,08/28/15,2015.0,August,53.0,F,United States,California,Clothing,Jerseys,1.0,1300.0,1344.0,1300.0,1344.0,44.0,44.0
2264,2264,09/27/15,2015.0,September,53.0,F,United States,California,Clothing,Jerseys,1.0,1200.0,1147.0,1200.0,1147.0,-53.0,-53.0
2265,2265,01/15/16,2016.0,January,53.0,M,United States,California,Accessories,Bottles and Cages,3.0,26.67,33.666667,80.0,101.0,21.0,6.996666999999995
2266,2266,03/25/16,2016.0,March,53.0,M,United States,California,Accessories,Bottles and Cages,1.0,15.0,20.0,15.0,20.0,5.0,5.0
2267,2267,04/11/16,2016.0,April,53.0,M,United States,California,Bikes,Road Bikes,2.0,850.5,833.0,1701.0,1666.0,-35.0,-17.5
2268,2268,04/29/16,2016.0,April,53.0,M,United States,California,Bikes,Road Bikes,3.0,814.33,851.333333,2443.0,2554.0,111.0,37.003333
2269,2269,05/01/16,2016.0,May,53.0,M,United States,California,Accessories,Bottles and Cages,3.0,43.33,50.666667,130.0,152.0,22.0,7.3366669999999985
2270,2270,06/11/16,2016.0,June,53.0,M,United States,California,Bikes,Road Bikes,2.0,850.5,824.5,1701.0,1649.0,-52.0,-26.0
2271,2271,06/11/16,2016.0,June,53.0,M,United States,California,Accessories,Bottles and Cages,2.0,75.0,97.5,150.0,195.0,45.0,22.5
2272,2272,06/11/16,2016.0,June,53.0,M,United States,California,Accessories,Bottles and Cages,1.0,261.0,335.0,261.0,335.0,74.0,74.0
2273,2273,06/18/16,2016.0,June,53.0,M,United States,California,Accessories,Cleaners,2.0,12.0,15.0,24.0,30.0,6.0,3.0
2274,2274,03/06/15,2015.0,March,53.0,M,United States,California,Bikes,Road Bikes,1.0,1000.0,932.0,1000.0,932.0,-68.0,-68.0
2275,2275,03/21/15,2015.0,March,53.0,M,United States,California,Bikes,Road Bikes,3.0,333.33,280.0,1000.0,840.0,-160.0,-53.329999999999984
2276,2276,03/24/15,2015.0,March,53.0,M,United States,California,Bikes,Road Bikes,3.0,333.33,283.666667,1000.0,851.0,-149.0,-49.663332999999966
2277,2277,08/21/15,2015.0,August,53.0,M,United States,California,Bikes,Mountain Bikes,2.0,1160.0,1088.5,2320.0,2177.0,-143.0,-71.5
2278,2278,08/31/15,2015.0,August,53.0,M,United States,California,Bikes,Mountain Bikes,3.0,765.0,655.666667,2295.0,1967.0,-328.0,-109.33333300000004
2279,2279,09/13/15,2015.0,September,53.0,M,United States,California,Bikes,Mountain Bikes,2.0,1147.5,932.5,2295.0,1865.0,-430.0,-215.0
2280,2280,09/13/15,2015.0,September,53.0,M,United States,California,Accessories,Bottles and Cages,1.0,50.0,58.0,50.0,58.0,8.0,8.0
2281,2281,09/13/15,2015.0,September,53.0,M,United States,California,Accessories,Bottles and Cages,2.0,10.0,10.0,20.0,20.0,0.0,0.0
2282,2282,09/13/15,2015.0,September,53.0,M,United States,California,Accessories,Hydration Packs,2.0,770.0,921.0,1540.0,1842.0,302.0,151.0
2283,2283,09/13/15,2015.0,September,53.0,M,United States,California,Accessories,Cleaners,1.0,72.0,73.0,72.0,73.0,1.0,1.0
2284,2284,10/10/15,2015.0,October,53.0,M,United States,California,Accessories,Cleaners,1.0,167.0,171.0,167.0,171.0,4.0,4.0
2285,2285,10/22/15,2015.0,October,53.0,M,United States,California,Accessories,Bottles and Cages,1.0,240.0,237.0,240.0,237.0,-3.0,-3.0
2286,2286,10/22/15,2015.0,October,53.0,M,United States,California,Accessories,Hydration Packs,2.0,330.0,350.5,660.0,701.0,41.0,20.5
2287,2287,10/23/15,2015.0,October,53.0,M,United States,California,Bikes,Mountain Bikes,3.0,765.0,802.666667,2295.0,2408.0,113.0,37.66666699999996
2288,2288,10/23/15,2015.0,October,53.0,M,United States,California,Accessories,Bottles and Cages,1.0,10.0,11.0,10.0,11.0,1.0,1.0
2289,2289,10/23/15,2015.0,October,53.0,M,United States,California,Accessories,Hydration Packs,1.0,1210.0,1235.0,1210.0,1235.0,25.0,25.0
2290,2290,10/25/15,2015.0,October,53.0,M,United States,California,Bikes,Road Bikes,1.0,1120.0,969.0,1120.0,969.0,-151.0,-151.0
2291,2291,12/02/15,2015.0,December,53.0,M,United States,California,Bikes,Mountain Bikes,2.0,384.5,361.0,769.0,722.0,-47.0,-23.5
2292,2292,12/03/15,2015.0,December,53.0,M,United States,California,Bikes,Mountain Bikes,2.0,384.5,343.5,769.0,687.0,-82.0,-41.0
2293,2293,12/03/15,2015.0,December,53.0,M,United States,California,Accessories,Bottles and Cages,2.0,25.0,27.0,50.0,54.0,4.0,2.0
2294,2294,12/03/15,2015.0,December,53.0,M,United States,California,Accessories,Bottles and Cages,1.0,80.0,81.0,80.0,81.0,1.0,1.0
2295,2295,12/08/15,2015.0,December,53.0,M,United States,California,Accessories,Bottles and Cages,1.0,145.0,170.0,145.0,170.0,25.0,25.0
2296,2296,12/14/15,2015.0,December,53.0,M,United States,California,Bikes,Mountain Bikes,1.0,2295.0,2028.0,2295.0,2028.0,-267.0,-267.0
2297,2297,12/14/15,2015.0,December,53.0,M,United States,California,Accessories,Bottles and Cages,1.0,70.0,82.0,70.0,82.0,12.0,12.0
2298,2298,12/14/15,2015.0,December,53.0,M,United States,California,Accessories,Bottles and Cages,3.0,5.0,6.0,15.0,18.0,3.0,1.0
2299,2299,01/27/16,2016.0,January,53.0,M,United States,California,Accessories,Helmets,1.0,770.0,1041.0,770.0,1041.0,271.0,271.0
2300,2300,02/08/16,2016.0,February,53.0,M,United States,California,Clothing,Caps,3.0,81.0,89.0,243.0,267.0,24.0,8.0
2301,2301,03/08/16,2016.0,March,53.0,M,United States,California,Accessories,Helmets,1.0,350.0,448.0,350.0,448.0,98.0,98.0
2302,2302,03/25/16,2016.0,March,53.0,M,United States,California,Clothing,Caps,3.0,9.0,11.0,27.0,33.0,6.0,2.0
2303,2303,04/11/16,2016.0,April,53.0,M,United States,California,Accessories,Helmets,2.0,122.5,144.0,245.0,288.0,43.0,21.5
2304,2304,04/29/16,2016.0,April,53.0,M,United States,California,Accessories,Helmets,3.0,93.33,107.0,280.0,321.0,41.0,13.670000000000002
2305,2305,04/29/16,2016.0,April,53.0,M,United States,California,Clothing,Caps,2.0,81.0,105.5,162.0,211.0,49.0,24.5
2306,2306,06/11/16,2016.0,June,53.0,M,United States,California,Accessories,Helmets,1.0,175.0,232.0,175.0,232.0,57.0,57.0
2307,2307,08/21/15,2015.0,August,53.0,M,United States,California,Accessories,Helmets,3.0,70.0,81.333333,210.0,244.0,34.0,11.333332999999996
2308,2308,09/07/15,2015.0,September,53.0,M,United States,California,Accessories,Helmets,3.0,93.33,96.666667,280.0,290.0,10.0,3.3366670000000056
2309,2309,10/26/15,2015.0,October,53.0,M,United States,California,Clothing,Caps,2.0,108.0,103.5,216.0,207.0,-9.0,-4.5
2310,2310,10/27/15,2015.0,October,53.0,M,United States,California,Clothing,Caps,1.0,72.0,73.0,72.0,73.0,1.0,1.0
2311,2311,12/02/15,2015.0,December,53.0,M,United States,California,Accessories,Helmets,2.0,315.0,365.0,630.0,730.0,100.0,50.0
2312,2312,12/08/15,2015.0,December,53.0,M,United States,California,Accessories,Helmets,3.0,210.0,223.0,630.0,669.0,39.0,13.0
2313,2313,12/23/15,2015.0,December,53.0,M,United States,California,Accessories,Helmets,2.0,297.5,336.5,595.0,673.0,78.0,39.0
2314,2314,01/05/16,2016.0,January,52.0,M,United States,Washington,Bikes,Mountain Bikes,2.0,1160.0,1337.0,2320.0,2674.0,354.0,177.0
2315,2315,01/05/16,2016.0,January,52.0,M,United States,Washington,Accessories,Fenders,1.0,396.0,437.0,396.0,437.0,41.0,41.0
2316,2316,05/07/16,2016.0,May,52.0,M,United States,Washington,Bikes,Mountain Bikes,3.0,256.33,252.0,769.0,756.0,-13.0,-4.329999999999984
2317,2317,01/03/16,2016.0,January,52.0,M,United States,California,Bikes,Mountain Bikes,1.0,2295.0,2350.0,2295.0,2350.0,55.0,55.0
2318,2318,05/03/16,2016.0,May,52.0,M,United States,California,Bikes,Mountain Bikes,1.0,769.0,848.0,769.0,848.0,79.0,79.0
2319,2319,05/10/16,2016.0,May,52.0,M,United States,California,Bikes,Mountain Bikes,3.0,765.0,815.333333,2295.0,2446.0,151.0,50.33333300000004
2320,2320,05/11/16,2016.0,May,52.0,M,United States,California,Bikes,Mountain Bikes,3.0,773.33,935.0,2320.0,2805.0,485.0,161.66999999999996
2321,2321,05/13/16,2016.0,May,52.0,M,United States,California,Bikes,Mountain Bikes,1.0,2320.0,2595.0,2320.0,2595.0,275.0,275.0
2322,2322,05/26/16,2016.0,May,52.0,M,United States,California,Bikes,Mountain Bikes,1.0,2320.0,2601.0,2320.0,2601.0,281.0,281.0
2323,2323,09/11/15,2015.0,September,52.0,M,United States,California,Bikes,Road Bikes,1.0,540.0,487.0,540.0,487.0,-53.0,-53.0
2324,2324,11/23/15,2015.0,November,52.0,M,United States,California,Bikes,Road Bikes,3.0,567.0,557.666667,1701.0,1673.0,-28.0,-9.333333000000039
2325,2325,01/20/16,2016.0,January,50.0,M,United States,Oregon,Bikes,Mountain Bikes,3.0,773.33,827.333333,2320.0,2482.0,162.0,54.003333
2326,2326,02/25/16,2016.0,February,50.0,M,United States,Oregon,Accessories,Tires and Tubes,3.0,23.33,31.333333,70.0,94.0,24.0,8.003333000000001
2327,2327,02/25/16,2016.0,February,50.0,M,United States,Oregon,Accessories,Tires and Tubes,2.0,87.5,110.0,175.0,220.0,45.0,22.5
2328,2328,02/25/16,2016.0,February,50.0,M,United States,Oregon,Accessories,Helmets,2.0,385.0,489.0,770.0,978.0,208.0,104.0
2329,2329,02/25/16,2016.0,February,50.0,M,United States,Oregon,Clothing,Gloves,3.0,24.33,29.666667,73.0,89.0,16.0,5.336667000000002
2330,2330,06/08/16,2016.0,June,50.0,M,United States,Oregon,Accessories,Tires and Tubes,1.0,750.0,874.0,750.0,874.0,124.0,124.0
2331,2331,06/08/16,2016.0,June,50.0,M,United States,Oregon,Accessories,Tires and Tubes,3.0,17.33,21.333333,52.0,64.0,12.0,4.003333000000001
2332,2332,06/27/16,2016.0,June,50.0,M,United States,Oregon,Accessories,Tires and Tubes,1.0,104.0,120.0,104.0,120.0,16.0,16.0
2333,2333,06/27/16,2016.0,June,50.0,M,United States,Oregon,Accessories,Tires and Tubes,3.0,304.33,371.0,913.0,1113.0,200.0,66.67000000000002
2334,2334,06/27/16,2016.0,June,50.0,M,United States,Oregon,Accessories,Helmets,1.0,875.0,1141.0,875.0,1141.0,266.0,266.0
2335,2335,09/07/15,2015.0,September,50.0,M,United States,Oregon,Accessories,Tires and Tubes,1.0,84.0,102.0,84.0,102.0,18.0,18.0
2336,2336,09/07/15,2015.0,September,50.0,M,United States,Oregon,Accessories,Tires and Tubes,3.0,326.0,380.0,978.0,1140.0,162.0,54.0
2337,2337,09/30/15,2015.0,September,50.0,M,United States,Oregon,Accessories,Tires and Tubes,3.0,83.33,90.0,250.0,270.0,20.0,6.670000000000002
2338,2338,09/30/15,2015.0,September,50.0,M,United States,Oregon,Accessories,Tires and Tubes,1.0,16.0,17.0,16.0,17.0,1.0,1.0
2339,2339,09/30/15,2015.0,September,50.0,M,United States,Oregon,Accessories,Helmets,1.0,595.0,637.0,595.0,637.0,42.0,42.0
2340,2340,12/06/15,2015.0,December,50.0,M,United States,Oregon,Accessories,Tires and Tubes,1.0,135.0,163.0,135.0,163.0,28.0,28.0
2341,2341,12/06/15,2015.0,December,50.0,M,United States,Oregon,Accessories,Tires and Tubes,2.0,337.5,363.0,675.0,726.0,51.0,25.5
2342,2342,12/06/15,2015.0,December,50.0,M,United States,Oregon,Accessories,Tires and Tubes,2.0,225.5,218.5,451.0,437.0,-14.0,-7.0
2343,2343,12/06/15,2015.0,December,50.0,M,United States,Oregon,Accessories,Tires and Tubes,1.0,39.0,44.0,39.0,44.0,5.0,5.0
2344,2344,12/23/15,2015.0,December,50.0,M,United States,Oregon,Clothing,Caps,3.0,3.0,3.666667,9.0,11.0,2.0,0.6666669999999999
2345,2345,04/12/16,2016.0,April,50.0,M,United States,California,Clothing,Jerseys,1.0,350.0,443.0,350.0,443.0,93.0,93.0
2346,2346,04/19/16,2016.0,April,50.0,M,United States,California,Clothing,Jerseys,1.0,900.0,1089.0,900.0,1089.0,189.0,189.0
2347,2347,10/16/15,2015.0,October,50.0,M,United States,California,Clothing,Jerseys,1.0,1500.0,1587.0,1500.0,1587.0,87.0,87.0
2348,2348,01/30/16,2016.0,January,50.0,F,United States,Oregon,Accessories,Tires and Tubes,3.0,16.0,18.666667,48.0,56.0,8.0,2.6666670000000003
2349,2349,01/30/16,2016.0,January,50.0,F,United States,Oregon,Accessories,Tires and Tubes,3.0,21.33,26.0,64.0,78.0,14.0,4.670000000000002
2350,2350,04/17/16,2016.0,April,50.0,F,United States,Oregon,Accessories,Tires and Tubes,1.0,602.0,747.0,602.0,747.0,145.0,145.0
2351,2351,06/03/16,2016.0,June,50.0,F,United States,Oregon,Accessories,Tires and Tubes,3.0,26.67,31.333333,80.0,94.0,14.0,4.663332999999998
2352,2352,06/28/16,2016.0,June,50.0,F,United States,Oregon,Clothing,Socks,2.0,18.0,22.5,36.0,45.0,9.0,4.5
2353,2353,07/28/16,2016.0,July,50.0,F,United States,Oregon,Accessories,Tires and Tubes,1.0,1015.0,1464.0,1015.0,1464.0,449.0,449.0
2354,2354,07/28/16,2016.0,July,50.0,F,United States,Oregon,Accessories,Tires and Tubes,1.0,15.0,20.0,15.0,20.0,5.0,5.0
2355,2355,08/09/15,2015.0,August,49.0,M,United States,Oregon,Clothing,Caps,1.0,81.0,87.0,81.0,87.0,6.0,6.0
2356,2356,09/01/15,2015.0,September,48.0,M,United States,California,Accessories,Cleaners,2.0,4.0,4.5,8.0,9.0,1.0,0.5
2357,2357,05/04/16,2016.0,May,48.0,F,United States,California,Clothing,Gloves,3.0,24.33,30.333333,73.0,91.0,18.0,6.003333000000001
2358,2358,01/09/16,2016.0,January,47.0,M,United States,Washington,Accessories,Cleaners,3.0,58.33,73.333333,175.0,220.0,45.0,15.003332999999998
2359,2359,01/14/16,2016.0,January,47.0,F,United States,Washington,Accessories,Fenders,3.0,88.0,116.666667,264.0,350.0,86.0,28.666667000000004
2360,2360,05/01/16,2016.0,May,47.0,F,United States,Washington,Accessories,Fenders,3.0,29.33,31.666667,88.0,95.0,7.0,2.336667000000002
2361,2361,05/16/16,2016.0,May,47.0,F,United States,Washington,Accessories,Fenders,1.0,484.0,592.0,484.0,592.0,108.0,108.0
2362,2362,03/26/16,2016.0,March,47.0,F,United States,California,Accessories,Bike Racks,3.0,240.0,289.0,720.0,867.0,147.0,49.0
2363,2363,05/04/16,2016.0,May,47.0,F,United States,California,Accessories,Bike Racks,2.0,1020.0,1317.0,2040.0,2634.0,594.0,297.0
2364,2364,12/23/15,2015.0,December,46.0,F,United States,Oregon,Clothing,Jerseys,2.0,675.0,734.0,1350.0,1468.0,118.0,59.0
2365,2365,02/04/16,2016.0,February,46.0,M,United States,Washington,Accessories,Bike Racks,2.0,60.0,68.0,120.0,136.0,16.0,8.0
2366,2366,01/29/16,2016.0,January,46.0,F,United States,California,Accessories,Fenders,1.0,571.0,713.0,571.0,713.0,142.0,142.0
2367,2367,01/29/16,2016.0,January,46.0,F,United States,California,Clothing,Socks,1.0,180.0,206.0,180.0,206.0,26.0,26.0
2368,2368,04/09/16,2016.0,April,46.0,F,United States,California,Accessories,Fenders,3.0,29.33,37.666667,88.0,113.0,25.0,8.336666999999998
2369,2369,05/10/16,2016.0,May,46.0,F,United States,California,Accessories,Fenders,1.0,374.0,493.0,374.0,493.0,119.0,119.0
2370,2370,05/10/16,2016.0,May,46.0,F,United States,California,Accessories,Fenders,1.0,659.0,790.0,659.0,790.0,131.0,131.0
2371,2371,10/16/15,2015.0,October,46.0,F,United States,California,Clothing,Socks,3.0,87.0,96.333333,261.0,289.0,28.0,9.333332999999996
2372,2372,02/12/16,2016.0,February,46.0,M,United States,California,Accessories,Bike Racks,2.0,1800.0,2461.5,3600.0,4923.0,1323.0,661.5
2373,2373,05/17/16,2016.0,May,46.0,M,United States,California,Accessories,Bike Racks,3.0,200.0,256.0,600.0,768.0,168.0,56.0
2374,2374,01/07/16,2016.0,January,45.0,M,United States,Washington,Bikes,Road Bikes,1.0,2443.0,2954.0,2443.0,2954.0,511.0,511.0
2375,2375,01/30/16,2016.0,January,45.0,M,United States,Washington,Bikes,Mountain Bikes,2.0,1147.5,1321.5,2295.0,2643.0,348.0,174.0
2376,2376,02/13/16,2016.0,February,45.0,M,United States,Washington,Bikes,Mountain Bikes,2.0,1147.5,1172.0,2295.0,2344.0,49.0,24.5
2377,2377,02/15/16,2016.0,February,45.0,M,United States,Washington,Bikes,Mountain Bikes,3.0,765.0,729.666667,2295.0,2189.0,-106.0,-35.33333300000004
2378,2378,03/10/16,2016.0,March,45.0,M,United States,Washington,Bikes,Mountain Bikes,2.0,1147.5,1159.5,2295.0,2319.0,24.0,12.0
2379,2379,03/28/16,2016.0,March,45.0,M,United States,Washington,Bikes,Mountain Bikes,3.0,765.0,696.333333,2295.0,2089.0,-206.0,-68.66666699999996
2380,2380,04/15/16,2016.0,April,45.0,M,United States,Washington,Bikes,Mountain Bikes,1.0,2295.0,2381.0,2295.0,2381.0,86.0,86.0
2381,2381,05/16/16,2016.0,May,45.0,M,United States,Washington,Bikes,Road Bikes,2.0,560.0,605.5,1120.0,1211.0,91.0,45.5
2382,2382,05/23/16,2016.0,May,45.0,M,United States,Washington,Bikes,Mountain Bikes,2.0,384.5,380.0,769.0,760.0,-9.0,-4.5
2383,2383,04/05/15,2015.0,April,45.0,M,United States,Washington,Bikes,Road Bikes,1.0,1000.0,922.0,1000.0,922.0,-78.0,-78.0
2384,2384,05/06/15,2015.0,May,45.0,M,United States,Washington,Bikes,Road Bikes,2.0,391.5,357.0,783.0,714.0,-69.0,-34.5
2385,2385,05/20/15,2015.0,May,45.0,M,United States,Washington,Bikes,Road Bikes,2.0,391.5,386.5,783.0,773.0,-10.0,-5.0
2386,2386,09/26/15,2015.0,September,45.0,M,United States,Washington,Bikes,Mountain Bikes,3.0,188.33,161.333333,565.0,484.0,-81.0,-26.996667000000002
2387,2387,12/18/15,2015.0,December,45.0,M,United States,Washington,Bikes,Mountain Bikes,1.0,769.0,700.0,769.0,700.0,-69.0,-69.0
2388,2388,01/30/16,2016.0,January,45.0,M,United States,Oregon,Bikes,Mountain Bikes,3.0,773.33,772.0,2320.0,2316.0,-4.0,-1.330000000000041
2389,2389,01/30/16,2016.0,January,45.0,M,United States,Oregon,Accessories,Cleaners,3.0,63.67,86.0,191.0,258.0,67.0,22.33
2390,2390,01/25/16,2016.0,January,39.0,M,United Kingdom,England,Bikes,Mountain Bikes,1.0,565.0,640.0,565.0,640.0,75.0,75.0
2391,2391,01/25/16,2016.0,January,39.0,M,United Kingdom,England,Accessories,Helmets,1.0,1050.0,1271.0,1050.0,1271.0,221.0,221.0
2392,2392,01/25/16,2016.0,January,39.0,M,United Kingdom,England,Bikes,Touring Bikes,1.0,2384.0,2502.0,2384.0,2502.0,118.0,118.0
2393,2393,01/25/16,2016.0,January,39.0,M,United Kingdom,England,Accessories,Bottles and Cages,3.0,60.0,75.333333,180.0,226.0,46.0,15.333332999999996
2394,2394,01/25/16,2016.0,January,39.0,M,United Kingdom,England,Accessories,Bottles and Cages,2.0,25.0,28.0,50.0,56.0,6.0,3.0
2395,2395,01/25/16,2016.0,January,39.0,M,United Kingdom,England,Clothing,Caps,2.0,67.5,73.5,135.0,147.0,12.0,6.0
2396,2396,01/25/16,2016.0,January,39.0,M,United Kingdom,England,Accessories,Helmets,2.0,175.0,229.5,350.0,459.0,109.0,54.5
2397,2397,02/13/16,2016.0,February,39.0,M,United Kingdom,England,Bikes,Mountain Bikes,1.0,2295.0,2690.0,2295.0,2690.0,395.0,395.0
2398,2398,02/13/16,2016.0,February,39.0,M,United Kingdom,England,Accessories,Bottles and Cages,3.0,60.0,74.0,180.0,222.0,42.0,14.0
2399,2399,03/06/16,2016.0,March,39.0,M,United Kingdom,England,Clothing,Jerseys,2.0,75.0,104.0,150.0,208.0,58.0,29.0
2400,2400,03/19/16,2016.0,March,39.0,M,United Kingdom,England,Bikes,Touring Bikes,2.0,1192.0,1177.0,2384.0,2354.0,-30.0,-15.0
2401,2401,03/19/16,2016.0,March,39.0,M,United Kingdom,England,Clothing,Caps,1.0,243.0,270.0,243.0,270.0,27.0,27.0
2402,2402,03/19/16,2016.0,March,39.0,M,United Kingdom,England,Accessories,Helmets,2.0,472.5,566.5,945.0,1133.0,188.0,94.0
2403,2403,03/22/16,2016.0,March,39.0,M,United Kingdom,England,Bikes,Mountain Bikes,2.0,1147.5,1265.0,2295.0,2530.0,235.0,117.5
2404,2404,03/22/16,2016.0,March,39.0,M,United Kingdom,England,Accessories,Bottles and Cages,3.0,93.33,114.0,280.0,342.0,62.0,20.67
2405,2405,03/22/16,2016.0,March,39.0,M,United Kingdom,England,Accessories,Bottles and Cages,1.0,30.0,39.0,30.0,39.0,9.0,9.0
2406,2406,03/22/16,2016.0,March,39.0,M,United Kingdom,England,Accessories,Helmets,1.0,490.0,632.0,490.0,632.0,142.0,142.0
2407,2407,03/23/16,2016.0,March,39.0,M,United Kingdom,England,Accessories,Tires and Tubes,1.0,75.0,96.0,75.0,96.0,21.0,21.0
2408,2408,03/23/16,2016.0,March,39.0,M,United Kingdom,England,Accessories,Tires and Tubes,1.0,120.0,149.0,120.0,149.0,29.0,29.0
2409,2409,03/23/16,2016.0,March,39.0,M,United Kingdom,England,Accessories,Helmets,2.0,157.5,207.5,315.0,415.0,100.0,50.0
2410,2410,03/31/16,2016.0,March,39.0,M,United Kingdom,England,Bikes,Mountain Bikes,2.0,1147.5,1224.5,2295.0,2449.0,154.0,77.0
2411,2411,03/31/16,2016.0,March,39.0,M,United Kingdom,England,Accessories,Tires and Tubes,2.0,10.0,12.5,20.0,25.0,5.0,2.5
2412,2412,03/31/16,2016.0,March,39.0,M,United Kingdom,England,Accessories,Tires and Tubes,1.0,420.0,568.0,420.0,568.0,148.0,148.0
2413,2413,03/31/16,2016.0,March,39.0,M,United Kingdom,England,Accessories,Fenders,1.0,615.0,782.0,615.0,782.0,167.0,167.0
2414,2414,04/28/16,2016.0,April,39.0,M,United Kingdom,England,Bikes,Mountain Bikes,3.0,256.33,252.666667,769.0,758.0,-11.0,-3.6633329999999944
2415,2415,04/28/16,2016.0,April,39.0,M,United Kingdom,England,Accessories,Fenders,1.0,352.0,459.0,352.0,459.0,107.0,107.0
2416,2416,05/16/16,2016.0,May,39.0,M,United Kingdom,England,Bikes,Touring Bikes,3.0,247.33,302.0,742.0,906.0,164.0,54.66999999999999
2417,2417,05/16/16,2016.0,May,39.0,M,United Kingdom,England,Accessories,Helmets,2.0,297.5,421.5,595.0,843.0,248.0,124.0
2418,2418,05/22/16,2016.0,May,39.0,M,United Kingdom,England,Bikes,Touring Bikes,3.0,794.67,819.0,2384.0,2457.0,73.0,24.33000000000004
2419,2419,05/22/16,2016.0,May,39.0,M,United Kingdom,England,Accessories,Helmets,1.0,35.0,46.0,35.0,46.0,11.0,11.0
2420,2420,05/23/16,2016.0,May,39.0,M,United Kingdom,England,Bikes,Road Bikes,2.0,270.0,299.0,540.0,598.0,58.0,29.0
2421,2421,05/23/16,2016.0,May,39.0,M,United Kingdom,England,Accessories,Tires and Tubes,2.0,172.0,220.0,344.0,440.0,96.0,48.0
2422,2422,05/23/16,2016.0,May,39.0,M,United Kingdom,England,Accessories,Tires and Tubes,1.0,20.0,25.0,20.0,25.0,5.0,5.0
2423,2423,05/23/16,2016.0,May,39.0,M,United Kingdom,England,Accessories,Helmets,1.0,1015.0,1311.0,1015.0,1311.0,296.0,296.0
2424,2424,05/23/16,2016.0,May,39.0,M,United Kingdom,England,Clothing,Caps,2.0,63.0,82.5,126.0,165.0,39.0,19.5
2425,2425,05/23/16,2016.0,May,39.0,M,United Kingdom,England,Clothing,Jerseys,2.0,400.0,504.0,800.0,1008.0,208.0,104.0
2426,2426,05/25/16,2016.0,May,39.0,M,United Kingdom,England,Bikes,Touring Bikes,2.0,1192.0,1301.0,2384.0,2602.0,218.0,109.0
2427,2427,05/25/16,2016.0,May,39.0,M,United Kingdom,England,Accessories,Helmets,1.0,595.0,694.0,595.0,694.0,99.0,99.0
2428,2428,05/30/16,2016.0,May,39.0,M,United Kingdom,England,Bikes,Mountain Bikes,3.0,180.0,192.333333,540.0,577.0,37.0,12.33333300000001
2429,2429,05/30/16,2016.0,May,39.0,M,United Kingdom,England,Accessories,Tires and Tubes,3.0,30.0,36.0,90.0,108.0,18.0,6.0
2430,2430,05/30/16,2016.0,May,39.0,M,United Kingdom,England,Accessories,Tires and Tubes,1.0,450.0,530.0,450.0,530.0,80.0,80.0
2431,2431,05/30/16,2016.0,May,39.0,M,United Kingdom,England,Accessories,Helmets,1.0,1050.0,1260.0,1050.0,1260.0,210.0,210.0
2432,2432,06/01/16,2016.0,June,39.0,M,United Kingdom,England,Bikes,Road Bikes,3.0,814.33,895.0,2443.0,2685.0,242.0,80.66999999999996
2433,2433,06/08/16,2016.0,June,39.0,M,United Kingdom,England,Accessories,Tires and Tubes,3.0,11.67,14.333333,35.0,43.0,8.0,2.6633329999999997
2434,2434,06/08/16,2016.0,June,39.0,M,United Kingdom,England,Accessories,Helmets,1.0,490.0,621.0,490.0,621.0,131.0,131.0
2435,2435,06/18/16,2016.0,June,39.0,M,United Kingdom,England,Bikes,Road Bikes,1.0,1701.0,1693.0,1701.0,1693.0,-8.0,-8.0
2436,2436,06/18/16,2016.0,June,39.0,M,United Kingdom,England,Accessories,Helmets,2.0,35.0,47.0,70.0,94.0,24.0,12.0
2437,2437,06/25/16,2016.0,June,39.0,M,United Kingdom,England,Bikes,Road Bikes,1.0,2443.0,2971.0,2443.0,2971.0,528.0,528.0
2438,2438,06/25/16,2016.0,June,39.0,M,United Kingdom,England,Accessories,Helmets,3.0,70.0,94.333333,210.0,283.0,73.0,24.333332999999996
2439,2439,06/25/16,2016.0,June,39.0,M,United Kingdom,England,Bikes,Road Bikes,3.0,814.33,867.0,2443.0,2601.0,158.0,52.66999999999996
2440,2440,07/02/16,2016.0,July,39.0,M,United Kingdom,England,Accessories,Tires and Tubes,3.0,200.0,249.333333,600.0,748.0,148.0,49.33333300000001
2441,2441,07/02/16,2016.0,July,39.0,M,United Kingdom,England,Accessories,Tires and Tubes,1.0,53.0,63.0,53.0,63.0,10.0,10.0
2442,2442,02/04/15,2015.0,February,39.0,M,United Kingdom,England,Bikes,Road Bikes,2.0,1221.5,1186.0,2443.0,2372.0,-71.0,-35.5
2443,2443,05/05/15,2015.0,May,39.0,M,United Kingdom,England,Bikes,Mountain Bikes,2.0,1024.5,866.0,2049.0,1732.0,-317.0,-158.5
2444,2444,05/07/15,2015.0,May,39.0,M,United Kingdom,England,Bikes,Road Bikes,1.0,2182.0,2108.0,2182.0,2108.0,-74.0,-74.0
2445,2445,05/25/15,2015.0,May,39.0,M,United Kingdom,England,Bikes,Road Bikes,2.0,1091.0,1004.5,2182.0,2009.0,-173.0,-86.5
2446,2446,06/19/15,2015.0,June,39.0,M,United Kingdom,England,Bikes,Mountain Bikes,2.0,1024.5,1051.5,2049.0,2103.0,54.0,27.0
2447,2447,08/14/15,2015.0,August,39.0,M,United Kingdom,England,Bikes,Mountain Bikes,2.0,1160.0,1080.0,2320.0,2160.0,-160.0,-80.0
2448,2448,08/14/15,2015.0,August,39.0,M,United Kingdom,England,Accessories,Bottles and Cages,3.0,23.33,24.0,70.0,72.0,2.0,0.6700000000000017
2449,2449,08/29/15,2015.0,August,39.0,M,United Kingdom,England,Bikes,Road Bikes,2.0,850.5,783.0,1701.0,1566.0,-135.0,-67.5
2450,2450,08/29/15,2015.0,August,39.0,M,United Kingdom,England,Clothing,Jerseys,2.0,150.0,157.0,300.0,314.0,14.0,7.0
2451,2451,08/31/15,2015.0,August,39.0,M,United Kingdom,England,Bikes,Mountain Bikes,3.0,765.0,771.666667,2295.0,2315.0,20.0,6.666666999999961
2452,2452,08/31/15,2015.0,August,39.0,M,United Kingdom,England,Accessories,Helmets,1.0,525.0,612.0,525.0,612.0,87.0,87.0
2453,2453,08/31/15,2015.0,August,39.0,M,United Kingdom,England,Clothing,Jerseys,1.0,650.0,627.0,650.0,627.0,-23.0,-23.0
2454,2454,09/10/15,2015.0,September,39.0,M,United Kingdom,England,Accessories,Tires and Tubes,2.0,29.0,33.5,58.0,67.0,9.0,4.5
2455,2455,09/10/15,2015.0,September,39.0,M,United Kingdom,England,Accessories,Tires and Tubes,3.0,26.67,30.666667,80.0,92.0,12.0,3.9966669999999986
2456,2456,09/10/15,2015.0,September,39.0,M,United Kingdom,England,Accessories,Tires and Tubes,2.0,31.0,36.0,62.0,72.0,10.0,5.0
2457,2457,09/12/15,2015.0,September,39.0,M,United Kingdom,England,Accessories,Bottles and Cages,1.0,100.0,111.0,100.0,111.0,11.0,11.0
2458,2458,09/20/15,2015.0,September,39.0,M,United Kingdom,England,Bikes,Road Bikes,3.0,180.0,177.666667,540.0,533.0,-7.0,-2.3333330000000103
2459,2459,10/31/15,2015.0,October,39.0,M,United Kingdom,England,Bikes,Mountain Bikes,3.0,773.33,704.333333,2320.0,2113.0,-207.0,-68.996667
2460,2460,10/31/15,2015.0,October,39.0,M,United Kingdom,England,Accessories,Tires and Tubes,3.0,21.33,25.0,64.0,75.0,11.0,3.6700000000000017
2461,2461,11/08/15,2015.0,November,39.0,M,United Kingdom,England,Bikes,Touring Bikes,2.0,1192.0,1227.5,2384.0,2455.0,71.0,35.5
2462,2462,11/08/15,2015.0,November,39.0,M,United Kingdom,England,Accessories,Tires and Tubes,1.0,870.0,1002.0,870.0,1002.0,132.0,132.0
2463,2463,11/08/15,2015.0,November,39.0,M,United Kingdom,England,Accessories,Tires and Tubes,2.0,70.0,82.0,140.0,164.0,24.0,12.0
2464,2464,11/26/15,2015.0,November,39.0,M,United Kingdom,England,Bikes,Touring Bikes,1.0,2384.0,2296.0,2384.0,2296.0,-88.0,-88.0
2465,2465,11/28/15,2015.0,November,39.0,M,United Kingdom,England,Bikes,Mountain Bikes,2.0,1160.0,1061.5,2320.0,2123.0,-197.0,-98.5
2466,2466,11/28/15,2015.0,November,39.0,M,United Kingdom,England,Accessories,Bottles and Cages,2.0,30.0,31.5,60.0,63.0,3.0,1.5
2467,2467,11/28/15,2015.0,November,39.0,M,United Kingdom,England,Accessories,Bottles and Cages,3.0,1.67,1.666667,5.0,5.0,0.0,-0.0033330000000000304
2468,2468,11/28/15,2015.0,November,39.0,M,United Kingdom,England,Accessories,Helmets,3.0,81.67,99.333333,245.0,298.0,53.0,17.663332999999994
2469,2469,04/09/16,2016.0,April,40.0,F,France,Seine (Paris),Bikes,Touring Bikes,3.0,794.67,1042.0,2384.0,3126.0,742.0,247.33000000000004
2470,2470,07/04/15,2015.0,July,40.0,F,France,Seine (Paris),Bikes,Touring Bikes,3.0,794.67,908.0,2384.0,2724.0,340.0,113.33000000000004
2471,2471,07/17/15,2015.0,July,40.0,F,France,Seine (Paris),Bikes,Road Bikes,1.0,2443.0,2179.0,2443.0,2179.0,-264.0,-264.0
2472,2472,07/17/15,2015.0,July,40.0,F,France,Seine (Paris),Accessories,Cleaners,1.0,119.0,170.0,119.0,170.0,51.0,51.0
2473,2473,09/10/15,2015.0,September,40.0,F,France,Seine (Paris),Bikes,Mountain Bikes,3.0,765.0,791.333333,2295.0,2374.0,79.0,26.33333300000004
2474,2474,05/20/16,2016.0,May,40.0,F,Germany,Hamburg,Bikes,Touring Bikes,3.0,794.67,1065.666667,2384.0,3197.0,813.0,270.996667
2475,2475,06/27/16,2016.0,June,40.0,F,Germany,Hamburg,Bikes,Touring Bikes,2.0,1192.0,1464.0,2384.0,2928.0,544.0,272.0
2476,2476,06/27/16,2016.0,June,40.0,F,Germany,Hamburg,Accessories,Bottles and Cages,1.0,36.0,53.0,36.0,53.0,17.0,17.0
2477,2477,06/27/16,2016.0,June,40.0,F,Germany,Hamburg,Accessories,Bottles and Cages,3.0,3.33,5.333333,10.0,16.0,6.0,2.0033329999999996
2478,2478,09/12/15,2015.0,September,40.0,F,Germany,Hamburg,Accessories,Bottles and Cages,1.0,50.0,70.0,50.0,70.0,20.0,20.0
2479,2479,09/12/15,2015.0,September,40.0,F,Germany,Hamburg,Accessories,Bottles and Cages,3.0,16.67,22.666667,50.0,68.0,18.0,5.996666999999999
2480,2480,10/12/15,2015.0,October,40.0,F,Germany,Hamburg,Accessories,Bottles and Cages,1.0,110.0,157.0,110.0,157.0,47.0,47.0
2481,2481,10/12/15,2015.0,October,40.0,F,Germany,Hamburg,Accessories,Bottles and Cages,2.0,5.0,7.5,10.0,15.0,5.0,2.5
2482,2482,01/20/16,2016.0,January,40.0,F,United Kingdom,England,Accessories,Tires and Tubes,1.0,84.0,94.0,84.0,94.0,10.0,10.0
2483,2483,01/20/16,2016.0,January,40.0,F,United Kingdom,England,Accessories,Tires and Tubes,2.0,247.0,311.0,494.0,622.0,128.0,64.0
2484,2484,02/16/16,2016.0,February,40.0,F,United Kingdom,England,Accessories,Tires and Tubes,3.0,18.67,23.0,56.0,69.0,13.0,4.329999999999998
2485,2485,02/16/16,2016.0,February,40.0,F,United Kingdom,England,Accessories,Tires and Tubes,2.0,311.5,405.5,623.0,811.0,188.0,94.0
2486,2486,02/16/16,2016.0,February,40.0,F,United Kingdom,England,Accessories,Tires and Tubes,1.0,44.0,57.0,44.0,57.0,13.0,13.0
2487,2487,03/13/16,2016.0,March,40.0,F,United Kingdom,England,Accessories,Tires and Tubes,3.0,40.0,47.666667,120.0,143.0,23.0,7.666666999999997
2488,2488,03/13/16,2016.0,March,40.0,F,United Kingdom,England,Accessories,Tires and Tubes,1.0,39.0,50.0,39.0,50.0,11.0,11.0
2489,2489,06/18/16,2016.0,June,40.0,F,United Kingdom,England,Accessories,Tires and Tubes,3.0,35.0,40.666667,105.0,122.0,17.0,5.666666999999997
2490,2490,06/18/16,2016.0,June,40.0,F,United Kingdom,England,Accessories,Tires and Tubes,1.0,510.0,688.0,510.0,688.0,178.0,178.0
2491,2491,07/28/16,2016.0,July,40.0,F,United Kingdom,England,Accessories,Tires and Tubes,1.0,15.0,19.0,15.0,19.0,4.0,4.0
2492,2492,07/28/16,2016.0,July,40.0,F,United Kingdom,England,Accessories,Tires and Tubes,1.0,225.0,288.0,225.0,288.0,63.0,63.0
2493,2493,07/16/15,2015.0,July,40.0,F,United Kingdom,England,Accessories,Tires and Tubes,1.0,980.0,1145.0,980.0,1145.0,165.0,165.0
2494,2494,07/24/15,2015.0,July,40.0,F,United Kingdom,England,Accessories,Tires and Tubes,1.0,910.0,1058.0,910.0,1058.0,148.0,148.0
2495,2495,07/31/15,2015.0,July,40.0,F,United Kingdom,England,Accessories,Tires and Tubes,1.0,32.0,37.0,32.0,37.0,5.0,5.0
2496,2496,07/31/15,2015.0,July,40.0,F,United Kingdom,England,Accessories,Tires and Tubes,2.0,277.0,316.0,554.0,632.0,78.0,39.0
2497,2497,07/31/15,2015.0,July,40.0,F,United Kingdom,England,Accessories,Tires and Tubes,1.0,39.0,47.0,39.0,47.0,8.0,8.0
2498,2498,08/04/15,2015.0,August,40.0,F,United Kingdom,England,Accessories,Tires and Tubes,1.0,11.0,13.0,11.0,13.0,2.0,2.0
2499,2499,08/12/15,2015.0,August,40.0,F,United Kingdom,England,Clothing,Jerseys,3.0,270.0,304.333333,810.0,913.0,103.0,34.33333299999998
2500,2500,09/02/15,2015.0,September,40.0,F,United Kingdom,England,Clothing,Jerseys,2.0,108.0,105.5,216.0,211.0,-5.0,-2.5
2501,2501,09/25/15,2015.0,September,40.0,F,United Kingdom,England,Accessories,Tires and Tubes,2.0,246.5,266.5,493.0,533.0,40.0,20.0
2502,2502,09/25/15,2015.0,September,40.0,F,United Kingdom,England,Accessories,Tires and Tubes,3.0,11.67,13.333333,35.0,40.0,5.0,1.6633329999999997
2503,2503,10/10/15,2015.0,October,40.0,F,United Kingdom,England,Clothing,Jerseys,2.0,432.0,484.5,864.0,969.0,105.0,52.5
2504,2504,10/10/15,2015.0,October,40.0,F,United Kingdom,England,Clothing,Jerseys,2.0,621.0,664.0,1242.0,1328.0,86.0,43.0
2505,2505,10/25/15,2015.0,October,40.0,F,United Kingdom,England,Clothing,Jerseys,1.0,108.0,128.0,108.0,128.0,20.0,20.0
2506,2506,11/08/15,2015.0,November,40.0,F,United Kingdom,England,Accessories,Tires and Tubes,1.0,150.0,162.0,150.0,162.0,12.0,12.0
2507,2507,11/11/15,2015.0,November,40.0,F,United Kingdom,England,Accessories,Tires and Tubes,3.0,175.0,207.333333,525.0,622.0,97.0,32.33333300000001
2508,2508,11/19/15,2015.0,November,40.0,F,United Kingdom,England,Accessories,Tires and Tubes,3.0,11.67,13.666667,35.0,41.0,6.0,1.9966670000000004
2509,2509,11/19/15,2015.0,November,40.0,F,United Kingdom,England,Accessories,Tires and Tubes,2.0,12.5,13.5,25.0,27.0,2.0,1.0
2510,2510,11/25/15,2015.0,November,40.0,F,United Kingdom,England,Accessories,Tires and Tubes,2.0,2.0,2.0,4.0,4.0,0.0,0.0
2511,2511,11/25/15,2015.0,November,40.0,F,United Kingdom,England,Accessories,Tires and Tubes,1.0,62.0,69.0,62.0,69.0,7.0,7.0
2512,2512,11/26/15,2015.0,November,40.0,F,United Kingdom,England,Clothing,Jerseys,3.0,133.33,146.666667,400.0,440.0,40.0,13.336666999999977
2513,2513,12/20/15,2015.0,December,40.0,F,United Kingdom,England,Accessories,Tires and Tubes,3.0,193.33,242.666667,580.0,728.0,148.0,49.33666699999998
2514,2514,12/20/15,2015.0,December,40.0,F,United Kingdom,England,Accessories,Tires and Tubes,1.0,7.0,7.0,7.0,7.0,0.0,0.0
2515,2515,02/06/16,2016.0,February,41.0,F,Germany,Hessen,Bikes,Touring Bikes,3.0,794.67,1072.333333,2384.0,3217.0,833.0,277.6633330000001
2516,2516,03/12/16,2016.0,March,41.0,F,Germany,Hessen,Bikes,Mountain Bikes,1.0,2320.0,3071.0,2320.0,3071.0,751.0,751.0
2517,2517,03/12/16,2016.0,March,41.0,F,Germany,Hessen,Clothing,Jerseys,3.0,144.0,218.0,432.0,654.0,222.0,74.0
2518,2518,05/29/16,2016.0,May,41.0,F,Germany,Hessen,Bikes,Touring Bikes,3.0,794.67,923.666667,2384.0,2771.0,387.0,128.996667
2519,2519,05/29/16,2016.0,May,41.0,F,Germany,Hessen,Clothing,Caps,1.0,117.0,193.0,117.0,193.0,76.0,76.0
2520,2520,05/29/16,2016.0,May,41.0,F,Germany,Hessen,Accessories,Helmets,2.0,175.0,267.5,350.0,535.0,185.0,92.5
2521,2521,06/06/16,2016.0,June,41.0,F,Germany,Hessen,Bikes,Road Bikes,3.0,567.0,668.333333,1701.0,2005.0,304.0,101.33333300000004
2522,2522,06/06/16,2016.0,June,41.0,F,Germany,Hessen,Clothing,Caps,1.0,72.0,107.0,72.0,107.0,35.0,35.0
2523,2523,06/06/16,2016.0,June,41.0,F,Germany,Hessen,Clothing,Jerseys,1.0,648.0,871.0,648.0,871.0,223.0,223.0
2524,2524,09/23/15,2015.0,September,41.0,F,Germany,Hessen,Bikes,Mountain Bikes,3.0,773.33,792.0,2320.0,2376.0,56.0,18.66999999999996
2525,2525,01/10/16,2016.0,January,41.0,F,Germany,Nordrhein-Westfalen,Bikes,Mountain Bikes,2.0,1160.0,1303.0,2320.0,2606.0,286.0,143.0
2526,2526,01/10/16,2016.0,January,41.0,F,Germany,Nordrhein-Westfalen,Accessories,Bottles and Cages,2.0,140.0,226.5,280.0,453.0,173.0,86.5
2527,2527,01/10/16,2016.0,January,41.0,F,Germany,Nordrhein-Westfalen,Accessories,Bottles and Cages,3.0,26.67,38.333333,80.0,115.0,35.0,11.663333000000002
2528,2528,01/10/16,2016.0,January,41.0,F,Germany,Nordrhein-Westfalen,Accessories,Helmets,1.0,595.0,881.0,595.0,881.0,286.0,286.0
2529,2529,05/07/16,2016.0,May,41.0,F,Germany,Nordrhein-Westfalen,Bikes,Touring Bikes,2.0,1192.0,1429.5,2384.0,2859.0,475.0,237.5
2530,2530,05/07/16,2016.0,May,41.0,F,Germany,Nordrhein-Westfalen,Accessories,Helmets,2.0,367.5,546.0,735.0,1092.0,357.0,178.5
2531,2531,06/27/16,2016.0,June,41.0,F,Germany,Nordrhein-Westfalen,Bikes,Road Bikes,2.0,850.5,1196.5,1701.0,2393.0,692.0,346.0
2532,2532,06/27/16,2016.0,June,41.0,F,Germany,Nordrhein-Westfalen,Clothing,Caps,3.0,48.0,74.666667,144.0,224.0,80.0,26.666667000000004
2533,2533,09/13/15,2015.0,September,41.0,F,Germany,Nordrhein-Westfalen,Bikes,Mountain Bikes,1.0,2320.0,2726.0,2320.0,2726.0,406.0,406.0
2534,2534,09/13/15,2015.0,September,41.0,F,Germany,Nordrhein-Westfalen,Accessories,Bottles and Cages,3.0,60.0,77.666667,180.0,233.0,53.0,17.666667000000004
2535,2535,09/13/15,2015.0,September,41.0,F,Germany,Nordrhein-Westfalen,Accessories,Bottles and Cages,1.0,25.0,35.0,25.0,35.0,10.0,10.0
2536,2536,11/02/15,2015.0,November,41.0,F,Germany,Nordrhein-Westfalen,Bikes,Touring Bikes,3.0,794.67,931.333333,2384.0,2794.0,410.0,136.66333300000008
2537,2537,11/02/15,2015.0,November,41.0,F,Germany,Nordrhein-Westfalen,Clothing,Caps,3.0,36.0,45.666667,108.0,137.0,29.0,9.666666999999997
2538,2538,03/19/16,2016.0,March,41.0,F,Germany,Hamburg,Bikes,Touring Bikes,2.0,1192.0,1503.5,2384.0,3007.0,623.0,311.5
2539,2539,05/17/16,2016.0,May,41.0,F,Germany,Hamburg,Bikes,Touring Bikes,1.0,2384.0,3245.0,2384.0,3245.0,861.0,861.0
2540,2540,05/17/16,2016.0,May,41.0,F,Germany,Hamburg,Accessories,Bottles and Cages,3.0,13.33,20.0,40.0,60.0,20.0,6.67
2541,2541,05/17/16,2016.0,May,41.0,F,Germany,Hamburg,Accessories,Bottles and Cages,3.0,66.0,105.666667,198.0,317.0,119.0,39.666667000000004
2542,2542,06/22/16,2016.0,June,41.0,F,Germany,Hamburg,Bikes,Road Bikes,3.0,814.33,1134.666667,2443.0,3404.0,961.0,320.3366669999999
2543,2543,07/03/15,2015.0,July,41.0,F,Germany,Hamburg,Bikes,Road Bikes,2.0,560.0,644.5,1120.0,1289.0,169.0,84.5
2544,2544,07/03/15,2015.0,July,41.0,F,Germany,Hamburg,Clothing,Caps,2.0,31.5,41.5,63.0,83.0,20.0,10.0
2545,2545,07/03/15,2015.0,July,41.0,F,Germany,Hamburg,Clothing,Jerseys,1.0,54.0,67.0,54.0,67.0,13.0,13.0
2546,2546,07/27/15,2015.0,July,41.0,F,Germany,Hamburg,Bikes,Mountain Bikes,3.0,773.33,918.666667,2320.0,2756.0,436.0,145.33666699999992
2547,2547,07/27/15,2015.0,July,41.0,F,Germany,Hamburg,Accessories,Bottles and Cages,3.0,56.67,71.333333,170.0,214.0,44.0,14.663332999999994
2548,2548,09/06/15,2015.0,September,41.0,F,Germany,Hamburg,Bikes,Mountain Bikes,2.0,1160.0,1338.5,2320.0,2677.0,357.0,178.5
2549,2549,09/06/15,2015.0,September,41.0,F,Germany,Hamburg,Accessories,Bottles and Cages,2.0,90.0,115.0,180.0,230.0,50.0,25.0
2550,2550,09/06/15,2015.0,September,41.0,F,Germany,Hamburg,Accessories,Bottles and Cages,3.0,43.33,60.0,130.0,180.0,50.0,16.67
2551,2551,11/24/15,2015.0,November,41.0,F,Germany,Hamburg,Bikes,Mountain Bikes,1.0,2320.0,2592.0,2320.0,2592.0,272.0,272.0
2552,2552,04/12/16,2016.0,April,42.0,M,France,Nord,Bikes,Touring Bikes,2.0,1192.0,1276.5,2384.0,2553.0,169.0,84.5
2553,2553,04/12/16,2016.0,April,42.0,M,France,Nord,Accessories,Helmets,2.0,122.5,150.0,245.0,300.0,55.0,27.5
2554,2554,04/12/16,2016.0,April,42.0,M,France,Nord,Clothing,Jerseys,3.0,300.0,347.0,900.0,1041.0,141.0,47.0
2555,2555,07/29/15,2015.0,July,42.0,M,France,Nord,Bikes,Road Bikes,3.0,814.33,627.0,2443.0,1881.0,-562.0,-187.33000000000004
2556,2556,08/03/15,2015.0,August,42.0,M,France,Nord,Bikes,Touring Bikes,2.0,1192.0,1190.5,2384.0,2381.0,-3.0,-1.5
2557,2557,08/03/15,2015.0,August,42.0,M,France,Nord,Accessories,Tires and Tubes,2.0,232.0,201.0,464.0,402.0,-62.0,-31.0
2558,2558,08/03/15,2015.0,August,42.0,M,France,Nord,Accessories,Tires and Tubes,1.0,35.0,40.0,35.0,40.0,5.0,5.0
2559,2559,08/03/15,2015.0,August,42.0,M,France,Nord,Accessories,Tires and Tubes,2.0,26.5,32.5,53.0,65.0,12.0,6.0
2560,2560,10/30/15,2015.0,October,42.0,M,France,Nord,Bikes,Mountain Bikes,2.0,1160.0,1243.0,2320.0,2486.0,166.0,83.0
2561,2561,10/30/15,2015.0,October,42.0,M,France,Nord,Accessories,Helmets,2.0,17.5,15.0,35.0,30.0,-5.0,-2.5
2562,2562,04/19/16,2016.0,April,42.0,F,France,Seine Saint Denis,Bikes,Touring Bikes,3.0,794.67,874.0,2384.0,2622.0,238.0,79.33000000000004
2563,2563,04/19/16,2016.0,April,42.0,F,France,Seine Saint Denis,Accessories,Bottles and Cages,2.0,67.5,69.5,135.0,139.0,4.0,2.0
2564,2564,04/19/16,2016.0,April,42.0,F,France,Seine Saint Denis,Accessories,Bottles and Cages,1.0,140.0,131.0,140.0,131.0,-9.0,-9.0
2565,2565,07/01/15,2015.0,July,42.0,F,France,Seine Saint Denis,Bikes,Road Bikes,1.0,2443.0,1801.0,2443.0,1801.0,-642.0,-642.0
2566,2566,07/01/15,2015.0,July,42.0,F,France,Seine Saint Denis,Accessories,Tires and Tubes,3.0,28.0,23.0,84.0,69.0,-15.0,-5.0
2567,2567,07/01/15,2015.0,July,42.0,F,France,Seine Saint Denis,Accessories,Tires and Tubes,3.0,239.0,349.666667,717.0,1049.0,332.0,110.66666700000002
2568,2568,07/01/15,2015.0,July,42.0,F,France,Seine Saint Denis,Accessories,Helmets,1.0,70.0,92.0,70.0,92.0,22.0,22.0
2569,2569,08/17/15,2015.0,August,42.0,F,France,Seine Saint Denis,Bikes,Touring Bikes,3.0,794.67,971.333333,2384.0,2914.0,530.0,176.66333300000008
2570,2570,08/17/15,2015.0,August,42.0,F,France,Seine Saint Denis,Accessories,Tires and Tubes,2.0,203.0,215.0,406.0,430.0,24.0,12.0
2571,2571,08/17/15,2015.0,August,42.0,F,France,Seine Saint Denis,Accessories,Tires and Tubes,1.0,30.0,36.0,30.0,36.0,6.0,6.0
2572,2572,08/17/15,2015.0,August,42.0,F,France,Seine Saint Denis,Accessories,Hydration Packs,3.0,256.67,375.333333,770.0,1126.0,356.0,118.66333299999997
2573,2573,08/17/15,2015.0,August,42.0,F,France,Seine Saint Denis,Accessories,Helmets,2.0,105.0,125.5,210.0,251.0,41.0,20.5
2574,2574,10/17/15,2015.0,October,42.0,F,France,Seine Saint Denis,Bikes,Mountain Bikes,2.0,1147.5,938.0,2295.0,1876.0,-419.0,-209.5
2575,2575,01/06/16,2016.0,January,42.0,M,United Kingdom,England,Clothing,Socks,1.0,54.0,69.0,54.0,69.0,15.0,15.0
2576,2576,09/20/15,2015.0,September,65.0,M,United States,California,Accessories,Tires and Tubes,3.0,105.0,108.0,315.0,324.0,9.0,3.0
2577,2577,09/20/15,2015.0,September,65.0,M,United States,California,Accessories,Tires and Tubes,2.0,62.5,72.0,125.0,144.0,19.0,9.5
2578,2578,09/20/15,2015.0,September,65.0,M,United States,California,Accessories,Tires and Tubes,1.0,66.0,70.0,66.0,70.0,4.0,4.0
2579,2579,11/12/15,2015.0,November,65.0,M,United States,California,Clothing,Jerseys,3.0,350.0,374.333333,1050.0,1123.0,73.0,24.333332999999982
2580,2580,03/01/16,2016.0,March,64.0,M,United States,Oregon,Accessories,Tires and Tubes,3.0,48.33,60.0,145.0,180.0,35.0,11.670000000000002
2581,2581,03/01/16,2016.0,March,64.0,M,United States,Oregon,Accessories,Tires and Tubes,3.0,186.67,241.0,560.0,723.0,163.0,54.33000000000001
2582,2582,03/01/16,2016.0,March,64.0,M,United States,Oregon,Accessories,Fenders,2.0,44.0,54.5,88.0,109.0,21.0,10.5
2583,2583,03/01/16,2016.0,March,64.0,M,United States,Oregon,Clothing,Jerseys,2.0,325.0,424.5,650.0,849.0,199.0,99.5
2584,2584,03/03/16,2016.0,March,64.0,M,United States,Oregon,Accessories,Cleaners,2.0,107.5,140.0,215.0,280.0,65.0,32.5
2585,2585,01/03/16,2016.0,January,64.0,M,United States,Washington,Accessories,Cleaners,2.0,71.5,86.5,143.0,173.0,30.0,15.0
2586,2586,06/22/16,2016.0,June,64.0,M,United States,Washington,Accessories,Hydration Packs,2.0,247.5,319.5,495.0,639.0,144.0,72.0
2587,2587,09/11/15,2015.0,September,32.0,F,United States,Oregon,Clothing,Socks,1.0,45.0,43.0,45.0,43.0,-2.0,-2.0
2588,2588,01/20/16,2016.0,January,32.0,M,United States,Washington,Bikes,Mountain Bikes,3.0,765.0,840.666667,2295.0,2522.0,227.0,75.66666699999996
2589,2589,03/10/16,2016.0,March,32.0,M,United States,Washington,Bikes,Mountain Bikes,2.0,270.0,299.5,540.0,599.0,59.0,29.5
2590,2590,01/14/15,2015.0,January,32.0,M,United States,Washington,Bikes,Mountain Bikes,1.0,2049.0,1868.0,2049.0,1868.0,-181.0,-181.0
2591,2591,09/20/15,2015.0,September,32.0,M,United States,Washington,Bikes,Mountain Bikes,1.0,2295.0,2302.0,2295.0,2302.0,7.0,7.0
2592,2592,11/10/15,2015.0,November,32.0,M,United States,Washington,Bikes,Mountain Bikes,3.0,765.0,721.666667,2295.0,2165.0,-130.0,-43.33333300000004
2593,2593,01/08/16,2016.0,January,32.0,M,United States,California,Clothing,Gloves,1.0,196.0,284.0,196.0,284.0,88.0,88.0
2594,2594,01/24/16,2016.0,January,32.0,M,United States,California,Clothing,Gloves,3.0,16.33,20.333333,49.0,61.0,12.0,4.003333000000001
2595,2595,02/09/16,2016.0,February,32.0,M,United States,California,Clothing,Gloves,2.0,24.5,29.5,49.0,59.0,10.0,5.0
2596,2596,05/07/16,2016.0,May,32.0,M,United States,California,Clothing,Gloves,2.0,294.0,330.0,588.0,660.0,72.0,36.0
2597,2597,05/11/16,2016.0,May,32.0,M,United States,California,Accessories,Cleaners,2.0,36.0,43.5,72.0,87.0,15.0,7.5
2598,2598,05/11/16,2016.0,May,32.0,M,United States,California,Accessories,Bike Racks,1.0,3120.0,3887.0,3120.0,3887.0,767.0,767.0
2599,2599,06/16/16,2016.0,June,32.0,M,United States,California,Clothing,Gloves,3.0,40.67,48.0,122.0,144.0,22.0,7.329999999999998
2600,2600,06/29/16,2016.0,June,32.0,M,United States,California,Clothing,Gloves,3.0,16.33,22.333333,49.0,67.0,18.0,6.003333000000001
2601,2601,10/20/15,2015.0,October,32.0,M,United States,California,Accessories,Cleaners,1.0,32.0,33.0,32.0,33.0,1.0,1.0
2602,2602,07/02/16,2016.0,July,33.0,F,United States,Oregon,Accessories,Cleaners,1.0,8.0,10.0,8.0,10.0,2.0,2.0
2603,2603,07/11/16,2016.0,July,33.0,F,United States,Oregon,Accessories,Cleaners,2.0,12.0,15.5,24.0,31.0,7.0,3.5
2604,2604,01/01/16,2016.0,January,33.0,M,United States,California,Accessories,Cleaners,3.0,13.33,16.333333,40.0,49.0,9.0,3.0033329999999996
2605,2605,02/06/16,2016.0,February,33.0,M,United States,California,Accessories,Cleaners,1.0,207.0,272.0,207.0,272.0,65.0,65.0
2606,2606,03/07/16,2016.0,March,33.0,M,United States,California,Accessories,Cleaners,3.0,13.33,16.0,40.0,48.0,8.0,2.67
2607,2607,05/18/16,2016.0,May,33.0,M,United States,California,Accessories,Cleaners,2.0,119.5,152.5,239.0,305.0,66.0,33.0
2608,2608,04/28/16,2016.0,April,33.0,M,United States,California,Accessories,Fenders,1.0,550.0,687.0,550.0,687.0,137.0,137.0
2609,2609,05/03/16,2016.0,May,33.0,M,United States,California,Accessories,Fenders,3.0,212.33,259.0,637.0,777.0,140.0,46.66999999999999
2610,2610,05/18/16,2016.0,May,33.0,M,United States,California,Accessories,Fenders,2.0,66.0,86.0,132.0,172.0,40.0,20.0
2611,2611,07/13/16,2016.0,July,33.0,M,United States,California,Accessories,Fenders,2.0,187.0,253.0,374.0,506.0,132.0,66.0
2612,2612,02/12/16,2016.0,February,63.0,M,United States,California,Accessories,Tires and Tubes,1.0,203.0,240.0,203.0,240.0,37.0,37.0
2613,2613,02/12/16,2016.0,February,63.0,M,United States,California,Accessories,Tires and Tubes,2.0,55.0,72.5,110.0,145.0,35.0,17.5
2614,2614,02/12/16,2016.0,February,63.0,M,United States,California,Accessories,Tires and Tubes,3.0,13.0,15.333333,39.0,46.0,7.0,2.3333329999999997
2615,2615,05/15/16,2016.0,May,63.0,M,United States,California,Accessories,Tires and Tubes,3.0,33.33,40.333333,100.0,121.0,21.0,7.003333000000005
2616,2616,05/15/16,2016.0,May,63.0,M,United States,California,Accessories,Tires and Tubes,3.0,183.33,214.333333,550.0,643.0,93.0,31.003332999999998
2617,2617,05/25/16,2016.0,May,63.0,M,United States,California,Accessories,Tires and Tubes,3.0,3.33,4.333333,10.0,13.0,3.0,1.0033329999999996
2618,2618,05/25/16,2016.0,May,63.0,M,United States,California,Accessories,Tires and Tubes,1.0,754.0,982.0,754.0,982.0,228.0,228.0
2619,2619,06/01/16,2016.0,June,63.0,M,United States,California,Accessories,Cleaners,2.0,99.5,118.0,199.0,236.0,37.0,18.5
2620,2620,11/11/15,2015.0,November,63.0,M,United States,California,Accessories,Tires and Tubes,2.0,367.5,455.5,735.0,911.0,176.0,88.0
2621,2621,12/06/15,2015.0,December,63.0,M,United States,California,Accessories,Tires and Tubes,3.0,8.33,8.666667,25.0,26.0,1.0,0.33666700000000027
2622,2622,12/06/15,2015.0,December,63.0,M,United States,California,Accessories,Tires and Tubes,2.0,75.0,92.0,150.0,184.0,34.0,17.0
2623,2623,12/06/15,2015.0,December,63.0,M,United States,California,Accessories,Tires and Tubes,1.0,37.0,40.0,37.0,40.0,3.0,3.0
2624,2624,05/28/16,2016.0,May,34.0,F,United States,Washington,Accessories,Cleaners,3.0,21.33,30.333333,64.0,91.0,27.0,9.003333000000001
2625,2625,09/10/15,2015.0,September,34.0,F,United States,Washington,Accessories,Bike Stands,3.0,530.0,536.333333,1590.0,1609.0,19.0,6.333333000000039
2626,2626,06/16/16,2016.0,June,35.0,M,United States,Washington,Accessories,Hydration Packs,1.0,1155.0,1344.0,1155.0,1344.0,189.0,189.0
2627,2627,09/14/15,2015.0,September,35.0,M,United States,Washington,Accessories,Hydration Packs,2.0,522.5,571.5,1045.0,1143.0,98.0,49.0
2628,2628,02/24/16,2016.0,February,36.0,M,United States,Washington,Accessories,Cleaners,2.0,51.5,60.5,103.0,121.0,18.0,9.0
2629,2629,08/30/15,2015.0,August,36.0,M,United States,Washington,Accessories,Cleaners,1.0,64.0,65.0,64.0,65.0,1.0,1.0
2630,2630,05/23/16,2016.0,May,42.0,M,United States,California,Accessories,Bike Racks,3.0,40.0,55.333333,120.0,166.0,46.0,15.333333000000003
2631,2631,01/09/16,2016.0,January,62.0,F,United States,Oregon,Bikes,Mountain Bikes,2.0,1160.0,1131.0,2320.0,2262.0,-58.0,-29.0
2632,2632,01/05/16,2016.0,January,61.0,F,United States,Oregon,Bikes,Mountain Bikes,1.0,2295.0,2202.0,2295.0,2202.0,-93.0,-93.0
2633,2633,01/05/16,2016.0,January,61.0,F,United States,Oregon,Accessories,Fenders,3.0,66.0,80.0,198.0,240.0,42.0,14.0
2634,2634,01/05/16,2016.0,January,61.0,F,United States,Oregon,Accessories,Helmets,1.0,665.0,806.0,665.0,806.0,141.0,141.0
2635,2635,07/27/16,2016.0,July,61.0,F,United States,Oregon,Accessories,Helmets,3.0,151.67,180.333333,455.0,541.0,86.0,28.663333000000023
2636,2636,09/13/15,2015.0,September,61.0,F,United States,California,Clothing,Vests,3.0,592.67,628.333333,1778.0,1885.0,107.0,35.66333300000008
2637,2637,06/02/16,2016.0,June,37.0,F,United States,Washington,Accessories,Cleaners,2.0,95.5,121.0,191.0,242.0,51.0,25.5
2638,2638,06/27/16,2016.0,June,37.0,F,United States,Washington,Accessories,Cleaners,3.0,58.33,72.0,175.0,216.0,41.0,13.670000000000002
2639,2639,10/17/15,2015.0,October,37.0,F,United States,Washington,Accessories,Cleaners,2.0,28.0,32.5,56.0,65.0,9.0,4.5
2640,2640,11/13/15,2015.0,November,37.0,F,United States,Washington,Accessories,Cleaners,2.0,16.0,16.5,32.0,33.0,1.0,0.5
2641,2641,03/04/16,2016.0,March,37.0,F,United States,California,Accessories,Hydration Packs,3.0,238.33,297.333333,715.0,892.0,177.0,59.00333299999997
2642,2642,05/03/16,2016.0,May,37.0,F,United States,California,Accessories,Hydration Packs,2.0,330.0,416.0,660.0,832.0,172.0,86.0
2643,2643,09/14/15,2015.0,September,37.0,F,United States,California,Accessories,Hydration Packs,1.0,715.0,748.0,715.0,748.0,33.0,33.0
2644,2644,09/18/15,2015.0,September,37.0,F,United States,California,Accessories,Hydration Packs,3.0,348.33,340.0,1045.0,1020.0,-25.0,-8.329999999999984
2645,2645,10/26/15,2015.0,October,37.0,F,United States,California,Accessories,Hydration Packs,1.0,770.0,823.0,770.0,823.0,53.0,53.0
2646,2646,10/18/15,2015.0,October,43.0,F,United States,California,Clothing,Vests,2.0,254.0,288.5,508.0,577.0,69.0,34.5
2647,2647,01/07/16,2016.0,January,44.0,F,United States,California,Clothing,Gloves,2.0,208.0,260.0,416.0,520.0,104.0,52.0
2648,2648,01/28/16,2016.0,January,44.0,F,United States,California,Clothing,Gloves,1.0,343.0,410.0,343.0,410.0,67.0,67.0
2649,2649,11/10/15,2015.0,November,44.0,F,United States,California,Accessories,Cleaners,2.0,111.5,130.0,223.0,260.0,37.0,18.5
2650,2650,11/24/15,2015.0,November,44.0,F,United States,California,Accessories,Cleaners,3.0,55.67,61.333333,167.0,184.0,17.0,5.6633330000000015
2651,2651,02/24/16,2016.0,February,60.0,M,United States,California,Bikes,Mountain Bikes,3.0,765.0,792.666667,2295.0,2378.0,83.0,27.66666699999996
2652,2652,09/10/15,2015.0,September,60.0,M,United States,California,Bikes,Mountain Bikes,2.0,1160.0,912.0,2320.0,1824.0,-496.0,-248.0
2653,2653,11/04/15,2015.0,November,60.0,M,United States,California,Bikes,Road Bikes,1.0,540.0,453.0,540.0,453.0,-87.0,-87.0
2654,2654,11/28/15,2015.0,November,60.0,M,United States,California,Bikes,Mountain Bikes,3.0,773.33,628.0,2320.0,1884.0,-436.0,-145.33000000000004
2655,2655,12/05/15,2015.0,December,60.0,M,United States,California,Bikes,Mountain Bikes,1.0,2295.0,2159.0,2295.0,2159.0,-136.0,-136.0
2656,2656,01/14/16,2016.0,January,59.0,F,United States,California,Accessories,Tires and Tubes,3.0,282.67,368.666667,848.0,1106.0,258.0,85.996667
2657,2657,01/14/16,2016.0,January,59.0,F,United States,California,Accessories,Tires and Tubes,3.0,13.33,15.666667,40.0,47.0,7.0,2.3366670000000003
2658,2658,01/14/16,2016.0,January,59.0,F,United States,California,Accessories,Tires and Tubes,2.0,2.5,3.0,5.0,6.0,1.0,0.5
2659,2659,02/10/16,2016.0,February,59.0,F,United States,California,Accessories,Cleaners,1.0,127.0,155.0,127.0,155.0,28.0,28.0
2660,2660,02/28/16,2016.0,February,59.0,F,United States,California,Accessories,Tires and Tubes,2.0,262.5,326.5,525.0,653.0,128.0,64.0
2661,2661,02/28/16,2016.0,February,59.0,F,United States,California,Accessories,Tires and Tubes,3.0,40.0,49.666667,120.0,149.0,29.0,9.666666999999997
2662,2662,05/22/16,2016.0,May,59.0,F,United States,California,Accessories,Tires and Tubes,2.0,18.0,21.0,36.0,42.0,6.0,3.0
2663,2663,05/22/16,2016.0,May,59.0,F,United States,California,Accessories,Tires and Tubes,1.0,33.0,38.0,33.0,38.0,5.0,5.0
2664,2664,07/02/16,2016.0,July,59.0,F,United States,California,Accessories,Tires and Tubes,3.0,303.33,342.666667,910.0,1028.0,118.0,39.336667000000034
2665,2665,07/02/16,2016.0,July,59.0,F,United States,California,Accessories,Tires and Tubes,1.0,25.0,32.0,25.0,32.0,7.0,7.0
2666,2666,07/02/16,2016.0,July,59.0,F,United States,California,Accessories,Tires and Tubes,1.0,525.0,743.0,525.0,743.0,218.0,218.0
2667,2667,07/02/16,2016.0,July,59.0,F,United States,California,Accessories,Tires and Tubes,1.0,125.0,145.0,125.0,145.0,20.0,20.0
2668,2668,11/20/15,2015.0,November,59.0,F,United States,California,Accessories,Tires and Tubes,1.0,344.0,389.0,344.0,389.0,45.0,45.0
2669,2669,11/28/15,2015.0,November,59.0,F,United States,California,Accessories,Tires and Tubes,1.0,115.0,126.0,115.0,126.0,11.0,11.0
2670,2670,12/02/15,2015.0,December,59.0,F,United States,California,Accessories,Tires and Tubes,2.0,150.0,156.5,300.0,313.0,13.0,6.5
2671,2671,12/02/15,2015.0,December,59.0,F,United States,California,Accessories,Tires and Tubes,3.0,30.0,36.333333,90.0,109.0,19.0,6.333333000000003
2672,2672,12/13/15,2015.0,December,59.0,F,United States,California,Accessories,Tires and Tubes,2.0,2.5,3.0,5.0,6.0,1.0,0.5
2673,2673,12/13/15,2015.0,December,59.0,F,United States,California,Accessories,Tires and Tubes,1.0,735.0,836.0,735.0,836.0,101.0,101.0
2674,2674,12/13/15,2015.0,December,59.0,F,United States,California,Accessories,Tires and Tubes,2.0,28.5,30.5,57.0,61.0,4.0,2.0
2675,2675,12/13/15,2015.0,December,59.0,F,United States,California,Accessories,Cleaners,1.0,119.0,131.0,119.0,131.0,12.0,12.0
2676,2676,08/01/15,2015.0,August,59.0,M,United States,Oregon,Accessories,Bottles and Cages,3.0,60.0,66.333333,180.0,199.0,19.0,6.333332999999996
2677,2677,08/01/15,2015.0,August,59.0,M,United States,Oregon,Accessories,Bottles and Cages,3.0,41.67,45.333333,125.0,136.0,11.0,3.6633330000000015
2678,2678,08/01/15,2015.0,August,59.0,M,United States,Oregon,Clothing,Socks,2.0,27.0,26.5,54.0,53.0,-1.0,-0.5
2679,2679,01/14/16,2016.0,January,58.0,F,United States,California,Bikes,Mountain Bikes,3.0,180.0,189.666667,540.0,569.0,29.0,9.66666699999999
2680,2680,04/27/16,2016.0,April,58.0,F,United States,California,Bikes,Mountain Bikes,3.0,773.33,836.0,2320.0,2508.0,188.0,62.66999999999996
2681,2681,04/29/16,2016.0,April,58.0,F,United States,California,Bikes,Mountain Bikes,2.0,1160.0,1187.5,2320.0,2375.0,55.0,27.5
2682,2682,06/25/16,2016.0,June,58.0,F,United States,California,Accessories,Bottles and Cages,2.0,70.0,94.5,140.0,189.0,49.0,24.5
2683,2683,09/09/15,2015.0,September,58.0,F,United States,California,Bikes,Mountain Bikes,1.0,2320.0,2179.0,2320.0,2179.0,-141.0,-141.0
2684,2684,09/09/15,2015.0,September,58.0,F,United States,California,Accessories,Bottles and Cages,3.0,70.0,87.0,210.0,261.0,51.0,17.0
2685,2685,11/09/15,2015.0,November,58.0,F,United States,California,Bikes,Road Bikes,2.0,1221.5,1229.0,2443.0,2458.0,15.0,7.5
2686,2686,02/01/16,2016.0,February,57.0,M,United States,Washington,Bikes,Mountain Bikes,3.0,180.0,179.0,540.0,537.0,-3.0,-1.0
2687,2687,02/17/16,2016.0,February,57.0,M,United States,Washington,Bikes,Road Bikes,2.0,270.0,285.0,540.0,570.0,30.0,15.0
2688,2688,05/29/16,2016.0,May,57.0,M,United States,Washington,Bikes,Mountain Bikes,2.0,1147.5,1201.5,2295.0,2403.0,108.0,54.0
2689,2689,10/13/15,2015.0,October,57.0,M,United States,Washington,Bikes,Mountain Bikes,1.0,2295.0,2132.0,2295.0,2132.0,-163.0,-163.0
2690,2690,04/12/16,2016.0,April,57.0,F,United States,Washington,Clothing,Jerseys,1.0,1200.0,1310.0,1200.0,1310.0,110.0,110.0
2691,2691,10/18/15,2015.0,October,57.0,F,United States,Washington,Clothing,Caps,3.0,90.0,104.333333,270.0,313.0,43.0,14.333332999999996
2692,2692,10/18/15,2015.0,October,57.0,F,United States,Washington,Clothing,Jerseys,1.0,950.0,925.0,950.0,925.0,-25.0,-25.0
2693,2693,12/30/15,2015.0,December,57.0,F,United States,Washington,Clothing,Jerseys,1.0,850.0,894.0,850.0,894.0,44.0,44.0
2694,2694,06/07/16,2016.0,June,57.0,F,United States,California,Bikes,Road Bikes,2.0,560.0,603.5,1120.0,1207.0,87.0,43.5
2695,2695,05/14/16,2016.0,May,19.0,M,United Kingdom,England,Bikes,Touring Bikes,2.0,1192.0,1313.0,2384.0,2626.0,242.0,121.0
2696,2696,10/10/15,2015.0,October,19.0,M,United Kingdom,England,Bikes,Mountain Bikes,2.0,1160.0,970.0,2320.0,1940.0,-380.0,-190.0
2697,2697,01/16/16,2016.0,January,23.0,M,France,Seine et Marne,Bikes,Mountain Bikes,2.0,1147.5,1152.0,2295.0,2304.0,9.0,4.5
2698,2698,01/16/16,2016.0,January,23.0,M,France,Seine et Marne,Accessories,Helmets,3.0,128.33,186.666667,385.0,560.0,175.0,58.33666699999998
2699,2699,12/21/15,2015.0,December,23.0,M,France,Seine et Marne,Bikes,Mountain Bikes,1.0,769.0,960.0,769.0,960.0,191.0,191.0
2700,2700,01/08/16,2016.0,January,28.0,F,France,Yveline,Bikes,Mountain Bikes,1.0,2320.0,1718.0,2320.0,1718.0,-602.0,-602.0
2701,2701,10/03/15,2015.0,October,34.0,M,Germany,Nordrhein-Westfalen,Accessories,Bottles and Cages,2.0,2.5,3.5,5.0,7.0,2.0,1.0
2702,2702,10/03/15,2015.0,October,34.0,M,Germany,Nordrhein-Westfalen,Accessories,Bottles and Cages,2.0,135.0,184.0,270.0,368.0,98.0,49.0
2703,2703,10/03/15,2015.0,October,34.0,M,Germany,Nordrhein-Westfalen,Accessories,Helmets,2.0,227.5,319.5,455.0,639.0,184.0,92.0
2704,2704,06/19/16,2016.0,June,35.0,M,United Kingdom,England,Bikes,Touring Bikes,1.0,2384.0,2635.0,2384.0,2635.0,251.0,251.0
2705,2705,10/11/15,2015.0,October,35.0,M,United Kingdom,England,Accessories,Hydration Packs,1.0,770.0,862.0,770.0,862.0,92.0,92.0
2706,2706,01/08/16,2016.0,January,36.0,M,France,Yveline,Bikes,Mountain Bikes,1.0,2295.0,3098.0,2295.0,3098.0,803.0,803.0
2707,2707,10/27/15,2015.0,October,36.0,M,Germany,Hessen,Bikes,Mountain Bikes,3.0,773.33,835.333333,2320.0,2506.0,186.0,62.003333
2708,2708,10/27/15,2015.0,October,36.0,M,Germany,Hessen,Clothing,Socks,1.0,216.0,265.0,216.0,265.0,49.0,49.0
2709,2709,01/28/16,2016.0,January,36.0,M,France,Nord,Bikes,Mountain Bikes,3.0,773.33,677.666667,2320.0,2033.0,-287.0,-95.66333300000008
2710,2710,01/28/16,2016.0,January,36.0,M,France,Nord,Accessories,Bottles and Cages,1.0,130.0,154.0,130.0,154.0,24.0,24.0
2711,2711,01/28/16,2016.0,January,36.0,M,France,Nord,Accessories,Bottles and Cages,3.0,45.0,73.333333,135.0,220.0,85.0,28.333332999999996
2712,2712,01/28/16,2016.0,January,36.0,M,France,Nord,Clothing,Jerseys,3.0,540.0,770.666667,1620.0,2312.0,692.0,230.66666699999996
2713,2713,01/30/16,2016.0,January,36.0,F,France,Hauts de Seine,Bikes,Mountain Bikes,1.0,2295.0,2395.0,2295.0,2395.0,100.0,100.0
2714,2714,01/30/16,2016.0,January,36.0,F,France,Hauts de Seine,Accessories,Fenders,3.0,102.67,136.666667,308.0,410.0,102.0,33.99666699999999
2715,2715,01/30/16,2016.0,January,36.0,F,France,Hauts de Seine,Accessories,Hydration Packs,1.0,55.0,91.0,55.0,91.0,36.0,36.0
2716,2716,01/21/16,2016.0,January,36.0,F,France,Yveline,Bikes,Mountain Bikes,3.0,773.33,697.333333,2320.0,2092.0,-228.0,-75.996667
2717,2717,01/21/16,2016.0,January,36.0,F,France,Yveline,Accessories,Tires and Tubes,1.0,70.0,89.0,70.0,89.0,19.0,19.0
2718,2718,01/21/16,2016.0,January,36.0,F,France,Yveline,Accessories,Helmets,1.0,175.0,177.0,175.0,177.0,2.0,2.0
2719,2719,05/18/16,2016.0,May,62.0,M,United Kingdom,England,Accessories,Helmets,3.0,326.67,406.0,980.0,1218.0,238.0,79.32999999999998
2720,2720,05/18/16,2016.0,May,62.0,M,United Kingdom,England,Clothing,Jerseys,2.0,475.0,601.0,950.0,1202.0,252.0,126.0
2721,2721,09/10/15,2015.0,September,62.0,M,United Kingdom,England,Clothing,Jerseys,3.0,360.0,341.666667,1080.0,1025.0,-55.0,-18.333332999999982
2722,2722,01/15/16,2016.0,January,39.0,F,Germany,Saarland,Accessories,Bottles and Cages,1.0,261.0,433.0,261.0,433.0,172.0,172.0
2723,2723,01/15/16,2016.0,January,39.0,F,Germany,Saarland,Accessories,Bottles and Cages,1.0,30.0,48.0,30.0,48.0,18.0,18.0
2724,2724,11/16/15,2015.0,November,39.0,F,Germany,Saarland,Accessories,Bottles and Cages,3.0,70.0,95.0,210.0,285.0,75.0,25.0
2725,2725,11/16/15,2015.0,November,39.0,F,Germany,Saarland,Accessories,Bottles and Cages,1.0,145.0,203.0,145.0,203.0,58.0,58.0
2726,2726,11/03/15,2015.0,November,40.0,F,Germany,Bayern,Accessories,Bottles and Cages,3.0,73.33,98.0,220.0,294.0,74.0,24.67
2727,2727,11/03/15,2015.0,November,40.0,F,Germany,Bayern,Clothing,Caps,2.0,76.5,109.5,153.0,219.0,66.0,33.0
2728,2728,11/03/15,2015.0,November,40.0,F,Germany,Bayern,Accessories,Bottles and Cages,3.0,25.0,34.0,75.0,102.0,27.0,9.0
2729,2729,03/13/16,2016.0,March,40.0,F,Germany,Hessen,Bikes,Mountain Bikes,1.0,2295.0,3005.0,2295.0,3005.0,710.0,710.0
2730,2730,03/13/16,2016.0,March,40.0,F,Germany,Hessen,Accessories,Helmets,1.0,350.0,485.0,350.0,485.0,135.0,135.0
2731,2731,11/22/15,2015.0,November,40.0,F,Germany,Hessen,Bikes,Mountain Bikes,3.0,765.0,800.333333,2295.0,2401.0,106.0,35.33333300000004
2732,2732,11/22/15,2015.0,November,40.0,F,Germany,Hessen,Accessories,Helmets,1.0,70.0,97.0,70.0,97.0,27.0,27.0
2733,2733,11/26/15,2015.0,November,40.0,F,Germany,Hessen,Bikes,Mountain Bikes,1.0,2320.0,2736.0,2320.0,2736.0,416.0,416.0
2734,2734,12/03/15,2015.0,December,40.0,F,Germany,Hessen,Bikes,Mountain Bikes,3.0,188.33,223.333333,565.0,670.0,105.0,35.003333
2735,2735,07/01/15,2015.0,July,41.0,M,Germany,Hessen,Bikes,Mountain Bikes,2.0,1160.0,1305.0,2320.0,2610.0,290.0,145.0
2736,2736,12/16/15,2015.0,December,41.0,M,Germany,Hessen,Bikes,Mountain Bikes,2.0,1147.5,1262.0,2295.0,2524.0,229.0,114.5
2737,2737,12/16/15,2015.0,December,41.0,M,Germany,Hessen,Accessories,Helmets,3.0,58.33,79.666667,175.0,239.0,64.0,21.336667000000006
2738,2738,01/16/16,2016.0,January,42.0,M,Germany,Nordrhein-Westfalen,Bikes,Mountain Bikes,1.0,2320.0,3070.0,2320.0,3070.0,750.0,750.0
2739,2739,01/16/16,2016.0,January,42.0,M,Germany,Nordrhein-Westfalen,Accessories,Bottles and Cages,3.0,16.67,26.333333,50.0,79.0,29.0,9.663332999999998
2740,2740,01/16/16,2016.0,January,42.0,M,Germany,Nordrhein-Westfalen,Accessories,Bottles and Cages,2.0,150.0,231.0,300.0,462.0,162.0,81.0
2741,2741,03/08/16,2016.0,March,42.0,M,Germany,Nordrhein-Westfalen,Bikes,Mountain Bikes,3.0,188.33,268.0,565.0,804.0,239.0,79.66999999999999
2742,2742,04/09/16,2016.0,April,42.0,M,Germany,Nordrhein-Westfalen,Bikes,Mountain Bikes,1.0,2320.0,3263.0,2320.0,3263.0,943.0,943.0
2743,2743,06/22/16,2016.0,June,42.0,M,Germany,Nordrhein-Westfalen,Bikes,Mountain Bikes,3.0,765.0,996.0,2295.0,2988.0,693.0,231.0
2744,2744,09/17/15,2015.0,September,42.0,M,Germany,Nordrhein-Westfalen,Accessories,Bottles and Cages,3.0,42.0,56.0,126.0,168.0,42.0,14.0
2745,2745,09/17/15,2015.0,September,42.0,M,Germany,Nordrhein-Westfalen,Accessories,Bottles and Cages,1.0,80.0,107.0,80.0,107.0,27.0,27.0
2746,2746,12/12/15,2015.0,December,42.0,M,Germany,Nordrhein-Westfalen,Bikes,Mountain Bikes,2.0,1147.5,1358.0,2295.0,2716.0,421.0,210.5
2747,2747,12/12/15,2015.0,December,42.0,M,Germany,Nordrhein-Westfalen,Accessories,Bottles and Cages,2.0,60.0,76.5,120.0,153.0,33.0,16.5
2748,2748,10/28/15,2015.0,October,43.0,M,France,Essonne,Accessories,Helmets,1.0,455.0,503.0,455.0,503.0,48.0,48.0
2749,2749,01/14/16,2016.0,January,56.0,F,Germany,Hessen,Accessories,Helmets,3.0,151.67,227.333333,455.0,682.0,227.0,75.66333300000002
2750,2750,05/13/16,2016.0,May,56.0,F,Germany,Hessen,Accessories,Helmets,1.0,105.0,152.0,105.0,152.0,47.0,47.0
2751,2751,12/04/15,2015.0,December,56.0,F,Germany,Hessen,Bikes,Mountain Bikes,1.0,2320.0,2835.0,2320.0,2835.0,515.0,515.0
2752,2752,12/04/15,2015.0,December,56.0,F,Germany,Hessen,Accessories,Tires and Tubes,3.0,186.67,236.666667,560.0,710.0,150.0,49.996667
2753,2753,12/04/15,2015.0,December,56.0,F,Germany,Hessen,Accessories,Helmets,1.0,805.0,1057.0,805.0,1057.0,252.0,252.0
2754,2754,12/04/15,2015.0,December,56.0,F,Germany,Hessen,Clothing,Caps,3.0,81.0,101.0,243.0,303.0,60.0,20.0
2755,2755,01/10/16,2016.0,January,56.0,F,Germany,Saarland,Accessories,Helmets,3.0,93.33,129.0,280.0,387.0,107.0,35.67
2756,2756,03/20/16,2016.0,March,56.0,F,Germany,Saarland,Accessories,Helmets,1.0,35.0,52.0,35.0,52.0,17.0,17.0
2757,2757,01/30/16,2016.0,January,54.0,M,France,Seine Saint Denis,Bikes,Mountain Bikes,1.0,2295.0,1851.0,2295.0,1851.0,-444.0,-444.0
2758,2758,01/30/16,2016.0,January,54.0,M,France,Seine Saint Denis,Clothing,Jerseys,1.0,1150.0,1580.0,1150.0,1580.0,430.0,430.0
2759,2759,01/21/16,2016.0,January,36.0,F,France,Garonne (Haute),Bikes,Mountain Bikes,2.0,1147.5,1567.5,2295.0,3135.0,840.0,420.0
2760,2760,01/21/16,2016.0,January,36.0,F,France,Garonne (Haute),Accessories,Bottles and Cages,3.0,26.67,33.666667,80.0,101.0,21.0,6.996666999999995
2761,2761,02/17/16,2016.0,February,36.0,F,France,Essonne,Bikes,Mountain Bikes,3.0,773.33,584.0,2320.0,1752.0,-568.0,-189.33000000000004
2762,2762,02/17/16,2016.0,February,36.0,F,France,Essonne,Accessories,Hydration Packs,1.0,385.0,391.0,385.0,391.0,6.0,6.0
2763,2763,05/28/16,2016.0,May,36.0,F,France,Essonne,Bikes,Mountain Bikes,2.0,282.5,264.0,565.0,528.0,-37.0,-18.5
2764,2764,02/14/15,2015.0,February,36.0,F,France,Essonne,Bikes,Road Bikes,3.0,727.33,816.666667,2182.0,2450.0,268.0,89.33666699999992
2765,2765,06/07/16,2016.0,June,36.0,M,Germany,Hessen,Clothing,Jerseys,3.0,150.0,244.666667,450.0,734.0,284.0,94.66666699999999
2766,2766,10/27/15,2015.0,October,36.0,M,Germany,Hessen,Clothing,Jerseys,1.0,150.0,178.0,150.0,178.0,28.0,28.0
2767,2767,12/14/15,2015.0,December,36.0,M,Germany,Hessen,Clothing,Jerseys,3.0,183.33,250.666667,550.0,752.0,202.0,67.33666699999998
2768,2768,04/03/16,2016.0,April,36.0,F,Germany,Hamburg,Clothing,Jerseys,1.0,250.0,365.0,250.0,365.0,115.0,115.0
2769,2769,08/17/15,2015.0,August,36.0,F,United Kingdom,England,Accessories,Bike Stands,2.0,636.0,714.5,1272.0,1429.0,157.0,78.5
2770,2770,01/26/16,2016.0,January,37.0,F,France,Nord,Bikes,Mountain Bikes,1.0,769.0,793.0,769.0,793.0,24.0,24.0
2771,2771,01/26/16,2016.0,January,37.0,F,France,Nord,Accessories,Tires and Tubes,2.0,150.0,229.0,300.0,458.0,158.0,79.0
2772,2772,01/26/16,2016.0,January,37.0,F,France,Nord,Accessories,Tires and Tubes,1.0,35.0,42.0,35.0,42.0,7.0,7.0
2773,2773,01/26/16,2016.0,January,37.0,F,France,Nord,Accessories,Helmets,3.0,326.67,321.333333,980.0,964.0,-16.0,-5.336667000000034
2774,2774,02/22/16,2016.0,February,37.0,F,France,Nord,Bikes,Mountain Bikes,1.0,2320.0,3042.0,2320.0,3042.0,722.0,722.0
2775,2775,02/22/16,2016.0,February,37.0,F,France,Nord,Accessories,Tires and Tubes,3.0,338.33,448.0,1015.0,1344.0,329.0,109.67000000000002
2776,2776,02/22/16,2016.0,February,37.0,F,France,Nord,Accessories,Tires and Tubes,1.0,110.0,116.0,110.0,116.0,6.0,6.0
2777,2777,02/22/16,2016.0,February,37.0,F,France,Nord,Accessories,Helmets,3.0,198.33,266.0,595.0,798.0,203.0,67.66999999999999
2778,2778,07/24/16,2016.0,July,37.0,F,France,Nord,Accessories,Tires and Tubes,3.0,215.0,188.333333,645.0,565.0,-80.0,-26.66666699999999
2779,2779,07/24/16,2016.0,July,37.0,F,France,Nord,Accessories,Tires and Tubes,1.0,7.0,12.0,7.0,12.0,5.0,5.0
2780,2780,12/22/15,2015.0,December,37.0,F,France,Nord,Accessories,Tires and Tubes,1.0,15.0,12.0,15.0,12.0,-3.0,-3.0
2781,2781,12/22/15,2015.0,December,37.0,F,France,Nord,Accessories,Helmets,3.0,338.33,428.0,1015.0,1284.0,269.0,89.67000000000002
2782,2782,04/04/16,2016.0,April,37.0,F,United Kingdom,England,Clothing,Jerseys,3.0,400.0,545.666667,1200.0,1637.0,437.0,145.66666699999996
2783,2783,05/19/16,2016.0,May,37.0,F,United Kingdom,England,Clothing,Jerseys,3.0,162.0,199.0,486.0,597.0,111.0,37.0
2784,2784,07/17/15,2015.0,July,37.0,F,United Kingdom,England,Clothing,Jerseys,3.0,252.0,259.0,756.0,777.0,21.0,7.0
2785,2785,09/08/15,2015.0,September,37.0,F,United Kingdom,England,Clothing,Jerseys,2.0,25.0,27.5,50.0,55.0,5.0,2.5
2786,2786,10/02/15,2015.0,October,37.0,F,United Kingdom,England,Clothing,Jerseys,3.0,183.33,192.666667,550.0,578.0,28.0,9.336666999999977
2787,2787,10/14/15,2015.0,October,37.0,F,United Kingdom,England,Clothing,Jerseys,2.0,783.0,907.0,1566.0,1814.0,248.0,124.0
2788,2788,02/07/16,2016.0,February,38.0,M,France,Hauts de Seine,Clothing,Caps,3.0,72.0,111.0,216.0,333.0,117.0,39.0
2789,2789,02/21/16,2016.0,February,38.0,F,Germany,Nordrhein-Westfalen,Accessories,Helmets,3.0,186.67,288.333333,560.0,865.0,305.0,101.663333
2790,2790,12/12/15,2015.0,December,38.0,F,Germany,Nordrhein-Westfalen,Bikes,Mountain Bikes,1.0,2295.0,2694.0,2295.0,2694.0,399.0,399.0
2791,2791,12/12/15,2015.0,December,38.0,F,Germany,Nordrhein-Westfalen,Accessories,Helmets,3.0,326.67,428.333333,980.0,1285.0,305.0,101.66333299999997
2792,2792,02/17/16,2016.0,February,39.0,M,France,Essonne,Bikes,Mountain Bikes,3.0,765.0,735.0,2295.0,2205.0,-90.0,-30.0
2793,2793,10/18/15,2015.0,October,39.0,M,Germany,Hamburg,Clothing,Jerseys,1.0,1250.0,1604.0,1250.0,1604.0,354.0,354.0
2794,2794,07/04/16,2016.0,July,37.0,M,France,Nord,Accessories,Helmets,3.0,338.33,390.666667,1015.0,1172.0,157.0,52.336667000000034
2795,2795,07/04/16,2016.0,July,37.0,M,France,Nord,Clothing,Caps,2.0,63.0,80.5,126.0,161.0,35.0,17.5
2796,2796,12/29/15,2015.0,December,37.0,M,France,Nord,Accessories,Helmets,3.0,221.67,270.0,665.0,810.0,145.0,48.33000000000001
2797,2797,12/29/15,2015.0,December,37.0,M,France,Nord,Clothing,Caps,2.0,76.5,114.0,153.0,228.0,75.0,37.5
2798,2798,01/11/16,2016.0,January,37.0,F,Germany,Nordrhein-Westfalen,Accessories,Fenders,2.0,11.0,17.0,22.0,34.0,12.0,6.0
2799,2799,01/11/16,2016.0,January,37.0,F,Germany,Nordrhein-Westfalen,Clothing,Vests,3.0,106.0,165.666667,318.0,497.0,179.0,59.66666699999999
2800,2800,01/12/16,2016.0,January,38.0,M,United Kingdom,England,Accessories,Bottles and Cages,1.0,10.0,13.0,10.0,13.0,3.0,3.0
2801,2801,01/12/16,2016.0,January,38.0,M,United Kingdom,England,Accessories,Cleaners,3.0,47.67,56.666667,143.0,170.0,27.0,8.996666999999995
2802,2802,02/06/16,2016.0,February,38.0,M,United Kingdom,England,Accessories,Bottles and Cages,3.0,36.67,45.666667,110.0,137.0,27.0,8.996666999999995
2803,2803,02/17/16,2016.0,February,38.0,M,United Kingdom,England,Bikes,Mountain Bikes,2.0,282.5,268.0,565.0,536.0,-29.0,-14.5
2804,2804,02/19/16,2016.0,February,38.0,M,United Kingdom,England,Accessories,Bottles and Cages,2.0,75.0,93.0,150.0,186.0,36.0,18.0
2805,2805,02/22/16,2016.0,February,38.0,M,United Kingdom,England,Bikes,Touring Bikes,1.0,742.0,800.0,742.0,800.0,58.0,58.0
2806,2806,03/01/16,2016.0,March,38.0,M,United Kingdom,England,Clothing,Jerseys,1.0,648.0,925.0,648.0,925.0,277.0,277.0
2807,2807,03/23/16,2016.0,March,38.0,M,United Kingdom,England,Clothing,Jerseys,1.0,1250.0,1755.0,1250.0,1755.0,505.0,505.0
2808,2808,03/28/16,2016.0,March,38.0,M,United Kingdom,England,Bikes,Touring Bikes,3.0,405.0,440.666667,1215.0,1322.0,107.0,35.66666700000002
2809,2809,03/28/16,2016.0,March,38.0,M,United Kingdom,England,Accessories,Bottles and Cages,3.0,40.0,52.0,120.0,156.0,36.0,12.0
2810,2810,03/28/16,2016.0,March,38.0,M,United Kingdom,England,Accessories,Bottles and Cages,3.0,39.0,55.666667,117.0,167.0,50.0,16.666666999999997
2811,2811,04/04/16,2016.0,April,38.0,M,United Kingdom,England,Bikes,Mountain Bikes,1.0,2295.0,2510.0,2295.0,2510.0,215.0,215.0
2812,2812,05/04/16,2016.0,May,38.0,M,United Kingdom,England,Clothing,Jerseys,3.0,166.67,170.0,500.0,510.0,10.0,3.3300000000000125
2813,2813,06/05/16,2016.0,June,38.0,M,United Kingdom,England,Bikes,Touring Bikes,1.0,742.0,822.0,742.0,822.0,80.0,80.0
2814,2814,06/05/16,2016.0,June,38.0,M,United Kingdom,England,Accessories,Bottles and Cages,3.0,33.0,40.666667,99.0,122.0,23.0,7.666666999999997
2815,2815,06/05/16,2016.0,June,38.0,M,United Kingdom,England,Accessories,Bottles and Cages,2.0,40.0,54.0,80.0,108.0,28.0,14.0
2816,2816,06/06/16,2016.0,June,38.0,M,United Kingdom,England,Bikes,Mountain Bikes,3.0,765.0,867.666667,2295.0,2603.0,308.0,102.66666699999996
2817,2817,06/06/16,2016.0,June,38.0,M,United Kingdom,England,Accessories,Bottles and Cages,1.0,10.0,12.0,10.0,12.0,2.0,2.0
2818,2818,06/06/16,2016.0,June,38.0,M,United Kingdom,England,Accessories,Bottles and Cages,2.0,30.0,40.0,60.0,80.0,20.0,10.0
2819,2819,06/13/16,2016.0,June,38.0,M,United Kingdom,England,Accessories,Bottles and Cages,1.0,35.0,43.0,35.0,43.0,8.0,8.0
2820,2820,06/13/16,2016.0,June,38.0,M,United Kingdom,England,Accessories,Bottles and Cages,1.0,162.0,187.0,162.0,187.0,25.0,25.0
2821,2821,06/15/16,2016.0,June,38.0,M,United Kingdom,England,Bikes,Mountain Bikes,3.0,256.33,275.333333,769.0,826.0,57.0,19.003332999999998
2822,2822,06/16/16,2016.0,June,38.0,M,United Kingdom,England,Bikes,Mountain Bikes,3.0,256.33,279.0,769.0,837.0,68.0,22.670000000000016
2823,2823,06/16/16,2016.0,June,38.0,M,United Kingdom,England,Clothing,Jerseys,1.0,400.0,467.0,400.0,467.0,67.0,67.0
2824,2824,06/28/16,2016.0,June,38.0,M,United Kingdom,England,Accessories,Bottles and Cages,1.0,162.0,204.0,162.0,204.0,42.0,42.0
2825,2825,06/28/16,2016.0,June,38.0,M,United Kingdom,England,Accessories,Bottles and Cages,1.0,20.0,28.0,20.0,28.0,8.0,8.0
2826,2826,06/28/16,2016.0,June,38.0,M,United Kingdom,England,Clothing,Jerseys,1.0,108.0,125.0,108.0,125.0,17.0,17.0
2827,2827,02/09/15,2015.0,February,38.0,M,United Kingdom,England,Bikes,Mountain Bikes,2.0,1024.5,1049.0,2049.0,2098.0,49.0,24.5
2828,2828,07/05/15,2015.0,July,38.0,M,United Kingdom,England,Bikes,Touring Bikes,2.0,607.5,552.5,1215.0,1105.0,-110.0,-55.0
2829,2829,07/05/15,2015.0,July,38.0,M,United Kingdom,England,Clothing,Jerseys,2.0,621.0,664.0,1242.0,1328.0,86.0,43.0
2830,2830,07/12/15,2015.0,July,38.0,M,United Kingdom,England,Bikes,Mountain Bikes,2.0,1160.0,1043.0,2320.0,2086.0,-234.0,-117.0
2831,2831,07/12/15,2015.0,July,38.0,M,United Kingdom,England,Accessories,Bottles and Cages,1.0,130.0,141.0,130.0,141.0,11.0,11.0
2832,2832,07/12/15,2015.0,July,38.0,M,United Kingdom,England,Accessories,Bottles and Cages,2.0,5.0,5.5,10.0,11.0,1.0,0.5
2833,2833,07/12/15,2015.0,July,38.0,M,United Kingdom,England,Accessories,Cleaners,2.0,111.5,126.5,223.0,253.0,30.0,15.0
2834,2834,07/31/15,2015.0,July,38.0,M,United Kingdom,England,Bikes,Touring Bikes,3.0,247.33,249.0,742.0,747.0,5.0,1.6699999999999875
2835,2835,07/31/15,2015.0,July,38.0,M,United Kingdom,England,Accessories,Bottles and Cages,3.0,60.0,66.666667,180.0,200.0,20.0,6.666667000000004
2836,2836,08/03/15,2015.0,August,38.0,M,United Kingdom,England,Bikes,Touring Bikes,3.0,247.33,220.0,742.0,660.0,-82.0,-27.330000000000013
2837,2837,10/10/15,2015.0,October,38.0,M,United Kingdom,England,Bikes,Mountain Bikes,2.0,1147.5,1033.5,2295.0,2067.0,-228.0,-114.0
2838,2838,10/28/15,2015.0,October,38.0,M,United Kingdom,England,Bikes,Touring Bikes,1.0,1215.0,1284.0,1215.0,1284.0,69.0,69.0
2839,2839,10/28/15,2015.0,October,38.0,M,United Kingdom,England,Clothing,Jerseys,2.0,567.0,671.0,1134.0,1342.0,208.0,104.0
2840,2840,11/19/15,2015.0,November,38.0,M,United Kingdom,England,Bikes,Mountain Bikes,3.0,773.33,703.0,2320.0,2109.0,-211.0,-70.33000000000004
2841,2841,11/19/15,2015.0,November,38.0,M,United Kingdom,England,Accessories,Bottles and Cages,2.0,5.0,5.5,10.0,11.0,1.0,0.5
2842,2842,11/19/15,2015.0,November,38.0,M,United Kingdom,England,Accessories,Bottles and Cages,2.0,67.5,73.0,135.0,146.0,11.0,5.5
2843,2843,11/19/15,2015.0,November,38.0,M,United Kingdom,England,Accessories,Cleaners,3.0,69.0,79.666667,207.0,239.0,32.0,10.666667000000004
2844,2844,12/02/15,2015.0,December,38.0,M,United Kingdom,England,Accessories,Bottles and Cages,3.0,87.0,93.666667,261.0,281.0,20.0,6.666667000000004
2845,2845,12/02/15,2015.0,December,38.0,M,United Kingdom,England,Accessories,Bottles and Cages,1.0,120.0,141.0,120.0,141.0,21.0,21.0
2846,2846,12/18/15,2015.0,December,38.0,M,United Kingdom,England,Bikes,Mountain Bikes,1.0,2320.0,2273.0,2320.0,2273.0,-47.0,-47.0
2847,2847,12/20/15,2015.0,December,38.0,M,United Kingdom,England,Bikes,Touring Bikes,1.0,2384.0,2192.0,2384.0,2192.0,-192.0,-192.0
2848,2848,12/25/15,2015.0,December,38.0,M,United Kingdom,England,Bikes,Mountain Bikes,1.0,769.0,734.0,769.0,734.0,-35.0,-35.0
2849,2849,12/28/15,2015.0,December,38.0,M,United Kingdom,England,Bikes,Touring Bikes,2.0,1192.0,1007.5,2384.0,2015.0,-369.0,-184.5
2850,2850,12/28/15,2015.0,December,38.0,M,United Kingdom,England,Accessories,Bottles and Cages,2.0,45.0,49.0,90.0,98.0,8.0,4.0
2851,2851,12/28/15,2015.0,December,38.0,M,United Kingdom,England,Accessories,Bottles and Cages,1.0,115.0,132.0,115.0,132.0,17.0,17.0
2852,2852,02/02/16,2016.0,February,39.0,M,Germany,Bayern,Clothing,Jerseys,1.0,300.0,414.0,300.0,414.0,114.0,114.0
2853,2853,05/25/16,2016.0,May,39.0,M,Germany,Bayern,Clothing,Jerseys,3.0,522.0,699.666667,1566.0,2099.0,533.0,177.66666699999996
2854,2854,01/31/16,2016.0,January,27.0,F,Germany,Hessen,Clothing,Jerseys,1.0,1512.0,2302.0,1512.0,2302.0,790.0,790.0
2855,2855,01/17/16,2016.0,January,27.0,F,Germany,Hessen,Bikes,Mountain Bikes,2.0,1147.5,1468.0,2295.0,2936.0,641.0,320.5
2856,2856,01/31/16,2016.0,January,27.0,F,Germany,Hessen,Bikes,Mountain Bikes,1.0,2295.0,3040.0,2295.0,3040.0,745.0,745.0
2857,2857,01/02/15,2015.0,January,27.0,F,Germany,Hessen,Bikes,Mountain Bikes,1.0,2071.0,2593.0,2071.0,2593.0,522.0,522.0
2858,2858,01/16/15,2015.0,January,27.0,F,Germany,Hessen,Bikes,Mountain Bikes,2.0,1035.5,1131.0,2071.0,2262.0,191.0,95.5
2859,2859,02/14/16,2016.0,February,27.0,M,France,Seine (Paris),Bikes,Mountain Bikes,1.0,2320.0,3261.0,2320.0,3261.0,941.0,941.0
2860,2860,02/14/16,2016.0,February,27.0,M,France,Seine (Paris),Accessories,Fenders,2.0,143.0,112.0,286.0,224.0,-62.0,-31.0
2861,2861,02/14/16,2016.0,February,27.0,M,France,Seine (Paris),Clothing,Jerseys,3.0,90.0,140.666667,270.0,422.0,152.0,50.66666699999999
2862,2862,12/16/15,2015.0,December,27.0,M,France,Seine (Paris),Bikes,Mountain Bikes,2.0,384.5,439.5,769.0,879.0,110.0,55.0
2863,2863,12/26/15,2015.0,December,27.0,M,France,Seine (Paris),Clothing,Jerseys,3.0,108.0,123.666667,324.0,371.0,47.0,15.666667000000004
2864,2864,02/14/16,2016.0,February,27.0,F,France,Charente-Maritime,Bikes,Mountain Bikes,2.0,1147.5,1312.5,2295.0,2625.0,330.0,165.0
2865,2865,02/14/16,2016.0,February,27.0,F,France,Charente-Maritime,Accessories,Bottles and Cages,3.0,10.0,15.666667,30.0,47.0,17.0,5.666667
2866,2866,02/14/16,2016.0,February,27.0,F,France,Charente-Maritime,Accessories,Bottles and Cages,3.0,28.33,48.333333,85.0,145.0,60.0,20.003333000000005
2867,2867,02/14/16,2016.0,February,27.0,F,France,Charente-Maritime,Accessories,Helmets,2.0,315.0,328.5,630.0,657.0,27.0,13.5
2868,2868,10/05/15,2015.0,October,27.0,F,United Kingdom,England,Accessories,Cleaners,2.0,20.0,23.5,40.0,47.0,7.0,3.5
2869,2869,01/15/16,2016.0,January,27.0,M,United Kingdom,England,Bikes,Touring Bikes,3.0,794.67,932.666667,2384.0,2798.0,414.0,137.996667
2870,2870,04/02/16,2016.0,April,27.0,M,United Kingdom,England,Bikes,Touring Bikes,3.0,405.0,399.333333,1215.0,1198.0,-17.0,-5.666667000000018
2871,2871,05/08/16,2016.0,May,27.0,M,United Kingdom,England,Bikes,Touring Bikes,3.0,405.0,446.333333,1215.0,1339.0,124.0,41.33333299999998
2872,2872,07/19/15,2015.0,July,27.0,M,United Kingdom,England,Bikes,Touring Bikes,2.0,1192.0,1212.0,2384.0,2424.0,40.0,20.0
2873,2873,09/14/15,2015.0,September,27.0,M,United Kingdom,England,Bikes,Touring Bikes,3.0,247.33,213.333333,742.0,640.0,-102.0,-33.996667
2874,2874,01/20/16,2016.0,January,28.0,M,United Kingdom,England,Clothing,Caps,3.0,33.0,42.666667,99.0,128.0,29.0,9.666666999999997
2875,2875,05/04/16,2016.0,May,28.0,M,United Kingdom,England,Clothing,Caps,1.0,63.0,75.0,63.0,75.0,12.0,12.0
2876,2876,06/19/16,2016.0,June,28.0,M,United Kingdom,England,Clothing,Caps,1.0,90.0,98.0,90.0,98.0,8.0,8.0
2877,2877,07/03/15,2015.0,July,28.0,M,United Kingdom,England,Clothing,Caps,2.0,45.0,46.0,90.0,92.0,2.0,1.0
2878,2878,07/14/15,2015.0,July,28.0,M,United Kingdom,England,Clothing,Caps,1.0,126.0,148.0,126.0,148.0,22.0,22.0
2879,2879,08/02/15,2015.0,August,28.0,M,United Kingdom,England,Clothing,Caps,1.0,207.0,194.0,207.0,194.0,-13.0,-13.0
2880,2880,09/13/15,2015.0,September,28.0,M,United Kingdom,England,Clothing,Caps,2.0,18.0,19.5,36.0,39.0,3.0,1.5
2881,2881,01/05/16,2016.0,January,28.0,M,United Kingdom,England,Accessories,Fenders,2.0,176.0,229.0,352.0,458.0,106.0,53.0
2882,2882,01/07/16,2016.0,January,28.0,M,United Kingdom,England,Accessories,Fenders,1.0,506.0,590.0,506.0,590.0,84.0,84.0
2883,2883,02/20/16,2016.0,February,28.0,M,United Kingdom,England,Accessories,Fenders,3.0,117.33,159.0,352.0,477.0,125.0,41.67
2884,2884,02/24/16,2016.0,February,28.0,M,United Kingdom,England,Accessories,Fenders,1.0,286.0,390.0,286.0,390.0,104.0,104.0
2935,2935,02/19/16,2016.0,February,52.0,M,France,Hauts de Seine,Clothing,Jerseys,1.0,1250.0,1644.0,1250.0,1644.0,394.0,394.0
